2024-07-20 10:37:47.756,36.90,23.40
2024-07-20 10:37:49.765,36.80,23.30
2024-07-20 10:37:51.771,36.60,23.20
2024-07-20 10:37:53.778,36.40,23.00
2024-07-20 10:37:55.784,36.60,23.00
2024-07-20 10:37:57.792,37.00,22.90
2024-07-20 10:37:59.798,37.40,22.80
2024-07-20 10:38:01.805,37.80,22.70
2024-07-20 10:38:03.812,37.90,22.60
2024-07-20 10:38:05.819,37.90,22.50
2024-07-20 10:38:07.825,38.00,22.50
2024-07-20 10:38:09.832,38.00,22.40
2024-07-20 10:38:11.839,37.90,22.30
2024-07-20 10:38:13.846,38.00,22.20
2024-07-20 10:38:15.854,37.80,22.20
2024-07-20 10:38:17.860,37.80,22.10
2024-07-20 10:38:19.866,37.70,22.00
2024-07-20 10:38:21.875,37.50,21.90
2024-07-20 10:38:23.882,37.70,21.90
2024-07-20 10:38:25.887,37.40,21.80
2024-07-20 10:38:27.895,37.80,21.70
2024-07-20 10:38:29.901,37.90,21.70
2024-07-20 10:38:31.908,37.80,21.60
2024-07-20 10:38:33.916,38.10,21.50
2024-07-20 10:38:35.922,38.20,21.40
2024-07-20 10:38:37.929,38.10,21.40
2024-07-20 10:38:39.936,38.60,21.30
2024-07-20 10:38:41.942,39.30,21.20
2024-07-20 10:38:43.950,39.50,21.20
2024-07-20 10:38:45.957,39.70,21.10
2024-07-20 10:38:47.963,39.70,21.10
2024-07-20 10:38:49.969,39.90,21.00
2024-07-20 10:38:51.976,39.90,21.00
2024-07-20 10:38:53.983,40.10,20.90
2024-07-20 10:38:55.989,40.40,20.90
2024-07-20 10:38:57.996,40.50,20.80
2024-07-20 10:39:00.003,40.60,20.80
2024-07-20 10:39:02.010,40.30,20.80
2024-07-20 10:39:04.016,40.30,20.70
2024-07-20 10:39:06.023,40.10,20.70
2024-07-20 10:39:08.030,39.90,20.60
2024-07-20 10:39:10.037,39.60,20.60
2024-07-20 10:39:12.045,39.70,20.50
2024-07-20 10:39:14.052,39.70,20.50
2024-07-20 10:39:16.058,39.90,20.50
2024-07-20 10:39:18.064,40.00,20.40
2024-07-20 10:39:20.071,39.80,20.40
2024-07-20 10:39:22.077,39.80,20.40
2024-07-20 10:39:24.084,40.00,20.30
2024-07-20 10:39:26.091,40.40,20.30
2024-07-20 10:39:28.098,40.50,20.20
2024-07-20 10:39:30.105,40.70,20.20
2024-07-20 10:39:32.113,40.70,20.20
2024-07-20 10:39:34.117,40.80,20.20
2024-07-20 10:39:36.124,41.00,20.10
2024-07-20 10:39:38.132,41.40,20.10
2024-07-20 10:39:40.138,41.90,20.00
2024-07-20 10:39:42.145,42.30,20.00
2024-07-20 10:39:44.152,42.60,20.00
2024-07-20 10:39:46.158,42.80,20.00
2024-07-20 10:39:48.165,42.70,19.90
2024-07-20 10:39:50.172,42.60,19.90
2024-07-20 10:39:52.180,42.70,19.90
2024-07-20 10:39:54.187,43.00,19.80
2024-07-20 10:39:56.193,43.00,19.80
2024-07-20 10:39:58.199,43.30,19.80
2024-07-20 10:40:00.205,43.60,19.80
2024-07-20 10:40:02.212,43.30,19.80
2024-07-20 10:40:04.221,43.50,19.70
2024-07-20 10:40:06.227,43.50,19.70
2024-07-20 10:40:08.234,43.60,19.70
2024-07-20 10:40:10.241,43.90,19.60
2024-07-20 10:40:12.247,43.90,19.60
2024-07-20 10:40:14.254,43.90,19.60
2024-07-20 10:40:16.262,43.80,19.60
2024-07-20 10:40:18.268,43.90,19.60
2024-07-20 10:40:20.275,44.00,19.60
2024-07-20 10:40:22.283,44.30,19.50
2024-07-20 10:40:24.288,44.30,19.50
2024-07-20 10:40:26.295,44.00,19.50
2024-07-20 10:40:28.321,43.90,19.50
2024-07-20 10:40:30.308,43.80,19.40
2024-07-20 10:40:32.316,43.60,19.40
2024-07-20 10:40:34.322,43.50,19.40
2024-07-20 10:40:36.330,43.70,19.40
2024-07-20 10:40:38.336,43.80,19.40
2024-07-20 10:40:40.343,44.10,19.40
2024-07-20 10:40:42.349,44.30,19.40
2024-07-20 10:40:44.356,44.70,19.30
2024-07-20 10:40:46.363,44.50,19.30
2024-07-20 10:40:48.369,44.60,19.30
2024-07-20 10:40:50.377,44.40,19.30
2024-07-20 10:40:52.384,44.40,19.30
2024-07-20 10:40:54.390,44.30,19.30
2024-07-20 10:40:56.398,44.30,19.20
2024-07-20 10:40:58.405,44.30,19.20
2024-07-20 10:41:00.411,44.30,19.20
2024-07-20 10:41:02.417,44.20,19.20
2024-07-20 10:41:04.424,44.10,19.20
2024-07-20 10:41:06.431,44.10,19.20
2024-07-20 10:41:08.438,44.50,19.20
2024-07-20 10:41:10.445,44.80,19.10
2024-07-20 10:41:12.452,44.70,19.10
2024-07-20 10:41:14.460,44.40,19.10
2024-07-20 10:41:16.468,44.30,19.10
2024-07-20 10:41:18.473,44.00,19.10
2024-07-20 10:41:20.479,44.00,19.10
2024-07-20 10:41:22.487,43.80,19.10
2024-07-20 10:41:24.493,43.80,19.00
2024-07-20 10:41:26.501,43.90,19.00
2024-07-20 10:41:28.508,44.00,19.00
2024-07-20 10:41:30.514,44.20,18.90
2024-07-20 10:41:32.521,44.40,19.00
2024-07-20 10:41:34.529,44.60,19.00
2024-07-20 10:41:36.536,44.60,19.00
2024-07-20 10:41:38.543,44.70,18.90
2024-07-20 10:41:40.550,44.70,18.90
2024-07-20 10:41:42.557,44.80,18.90
2024-07-20 10:41:44.564,44.80,18.90
2024-07-20 10:41:46.570,44.90,18.90
2024-07-20 10:41:48.577,45.00,18.90
2024-07-20 10:41:50.584,45.00,18.90
2024-07-20 10:41:52.590,45.00,18.90
2024-07-20 10:41:54.597,45.00,18.90
2024-07-20 10:41:56.603,44.90,18.80
2024-07-20 10:41:58.611,45.00,18.80
2024-07-20 10:42:00.617,45.30,18.90
2024-07-20 10:42:02.624,45.30,18.80
2024-07-20 10:42:04.631,45.00,18.80
2024-07-20 10:42:06.637,44.60,18.80
2024-07-20 10:42:08.644,44.50,18.80
2024-07-20 10:42:10.652,44.20,18.80
2024-07-20 10:42:12.659,43.90,18.80
2024-07-20 10:42:14.665,43.90,18.80
2024-07-20 10:42:16.673,43.90,18.80
2024-07-20 10:42:18.678,43.80,18.80
2024-07-20 10:42:20.686,43.70,18.80
2024-07-20 10:42:22.694,43.80,18.70
2024-07-20 10:42:24.700,43.80,18.70
2024-07-20 10:42:26.708,43.80,18.60
2024-07-20 10:42:28.714,44.00,18.70
2024-07-20 10:42:30.721,44.20,18.70
2024-07-20 10:42:32.728,44.30,18.60
2024-07-20 10:42:34.735,44.60,18.60
2024-07-20 10:42:36.741,44.90,18.60
2024-07-20 10:42:38.748,44.90,18.60
2024-07-20 10:42:40.755,45.00,18.60
2024-07-20 10:42:42.761,44.80,18.50
2024-07-20 10:42:44.769,45.00,18.50
2024-07-20 10:42:46.775,45.60,18.50
2024-07-20 10:42:48.782,45.70,18.40
2024-07-20 10:42:50.788,46.00,18.40
2024-07-20 10:42:52.795,46.00,18.40
2024-07-20 10:42:54.802,45.90,18.40
2024-07-20 10:42:56.809,45.80,18.40
2024-07-20 10:42:58.815,45.90,18.40
2024-07-20 10:43:00.823,45.70,18.40
2024-07-20 10:43:02.828,46.00,18.40
2024-07-20 10:43:04.835,45.90,18.30
2024-07-20 10:43:06.843,45.90,18.30
2024-07-20 10:43:08.848,45.60,18.40
2024-07-20 10:43:10.856,45.60,18.30
2024-07-20 10:43:12.863,45.50,18.30
2024-07-20 10:43:14.870,45.60,18.20
2024-07-20 10:43:16.876,45.50,18.20
2024-07-20 10:43:18.884,45.80,18.30
2024-07-20 10:43:20.890,46.10,18.30
2024-07-20 10:43:22.897,46.20,18.30
2024-07-20 10:43:24.904,46.10,18.30
2024-07-20 10:43:26.911,46.10,18.30
2024-07-20 10:43:28.917,46.30,18.20
2024-07-20 10:43:30.925,46.40,18.20
2024-07-20 10:43:32.931,46.50,18.30
2024-07-20 10:43:34.938,46.10,18.20
2024-07-20 10:43:36.945,45.80,18.20
2024-07-20 10:43:38.951,45.60,18.20
2024-07-20 10:43:40.959,45.30,18.20
2024-07-20 10:43:42.965,45.40,18.20
2024-07-20 10:43:44.972,45.20,18.20
2024-07-20 10:43:46.978,45.50,18.20
2024-07-20 10:43:48.986,45.50,18.20
2024-07-20 10:43:50.993,45.50,18.10
2024-07-20 10:43:53.001,45.50,18.10
2024-07-20 10:43:55.007,45.50,18.10
2024-07-20 10:43:57.014,45.60,18.10
2024-07-20 10:43:59.020,45.70,18.10
2024-07-20 10:44:01.028,45.60,18.10
2024-07-20 10:44:03.034,45.80,18.10
2024-07-20 10:44:05.040,45.80,18.10
2024-07-20 10:44:07.047,45.80,18.10
2024-07-20 10:44:09.054,45.90,18.10
2024-07-20 10:44:11.061,45.90,18.00
2024-07-20 10:44:13.068,46.00,18.10
2024-07-20 10:44:15.074,46.00,18.00
2024-07-20 10:44:17.081,45.80,18.00
2024-07-20 10:44:19.088,45.70,18.00
2024-07-20 10:44:21.094,45.60,18.00
2024-07-20 10:44:23.101,45.30,18.00
2024-07-20 10:44:25.108,45.20,18.00
2024-07-20 10:44:27.115,45.20,17.90
2024-07-20 10:44:29.123,45.40,18.00
2024-07-20 10:44:31.129,45.40,17.90
2024-07-20 10:44:33.135,45.40,17.90
2024-07-20 10:44:35.142,45.40,17.90
2024-07-20 10:44:37.149,45.30,17.90
2024-07-20 10:44:39.155,45.40,17.90
2024-07-20 10:44:41.163,45.40,17.90
2024-07-20 10:44:43.169,45.50,17.90
2024-07-20 10:44:45.176,45.40,17.90
2024-07-20 10:44:47.183,45.30,17.90
2024-07-20 10:44:49.189,45.60,17.80
2024-07-20 10:44:51.196,45.70,17.80
2024-07-20 10:44:53.204,45.80,17.80
2024-07-20 10:44:55.210,45.80,17.80
2024-07-20 10:44:57.218,45.60,17.80
2024-07-20 10:44:59.224,45.70,17.80
2024-07-20 10:45:01.231,46.00,17.80
2024-07-20 10:45:03.238,45.80,17.80
2024-07-20 10:45:05.245,45.90,17.80
2024-07-20 10:45:07.252,45.90,17.70
2024-07-20 10:45:09.258,46.00,17.80
2024-07-20 10:45:11.265,46.30,17.80
2024-07-20 10:45:13.272,46.20,17.70
2024-07-20 10:45:15.278,46.20,17.70
2024-07-20 10:45:17.285,46.30,17.70
2024-07-20 10:45:19.292,46.30,17.70
2024-07-20 10:45:21.299,46.50,17.70
2024-07-20 10:45:23.305,46.60,17.70
2024-07-20 10:45:25.312,46.60,17.70
2024-07-20 10:45:27.318,46.60,17.70
2024-07-20 10:45:29.326,46.70,17.70
2024-07-20 10:45:31.332,46.70,17.70
2024-07-20 10:45:33.339,46.60,17.70
2024-07-20 10:45:35.345,46.60,17.60
2024-07-20 10:45:37.352,46.60,17.70
2024-07-20 10:45:39.358,46.80,17.60
2024-07-20 10:45:41.365,47.00,17.60
2024-07-20 10:45:43.373,47.00,17.60
2024-07-20 10:45:45.379,47.10,17.70
2024-07-20 10:45:47.386,47.30,17.60
2024-07-20 10:45:49.392,47.30,17.60
2024-07-20 10:45:51.399,47.30,17.60
2024-07-20 10:45:53.406,47.80,17.60
2024-07-20 10:45:55.413,48.00,17.70
2024-07-20 10:45:57.420,48.20,17.60
2024-07-20 10:45:59.427,48.40,17.60
2024-07-20 10:46:01.433,48.50,17.60
2024-07-20 10:46:03.439,48.50,17.60
2024-07-20 10:46:05.447,48.30,17.60
2024-07-20 10:46:07.454,48.10,17.60
2024-07-20 10:46:09.459,47.80,17.70
2024-07-20 10:46:11.466,47.70,17.60
2024-07-20 10:46:13.474,47.50,17.60
2024-07-20 10:46:15.479,47.40,17.60
2024-07-20 10:46:17.486,47.50,17.60
2024-07-20 10:46:19.494,47.60,17.60
2024-07-20 10:46:21.501,48.00,17.60
2024-07-20 10:46:23.507,48.00,17.60
2024-07-20 10:46:25.514,47.80,17.60
2024-07-20 10:46:27.521,47.80,17.60
2024-07-20 10:46:29.528,47.70,17.60
2024-07-20 10:46:31.534,47.70,17.60
2024-07-20 10:46:33.541,48.20,17.60
2024-07-20 10:46:35.548,48.50,17.60
2024-07-20 10:46:37.554,48.60,17.60
2024-07-20 10:46:39.562,48.70,17.60
2024-07-20 10:46:41.568,48.60,17.60
2024-07-20 10:46:43.575,48.70,17.60
2024-07-20 10:46:45.581,48.40,17.60
2024-07-20 10:46:47.588,48.20,17.60
2024-07-20 10:46:49.594,48.10,17.60
2024-07-20 10:46:51.602,47.90,17.60
2024-07-20 10:46:53.608,47.70,17.60
2024-07-20 10:46:55.615,47.50,17.70
2024-07-20 10:46:57.622,47.40,17.60
2024-07-20 10:46:59.628,47.30,17.60
2024-07-20 10:47:01.636,47.20,17.60
2024-07-20 10:47:03.642,47.20,17.60
2024-07-20 10:47:05.648,47.10,17.60
2024-07-20 10:47:07.656,47.00,17.60
2024-07-20 10:47:09.662,47.30,17.60
2024-07-20 10:47:11.670,47.30,17.60
2024-07-20 10:47:13.675,47.30,17.60
2024-07-20 10:47:15.684,47.10,17.60
2024-07-20 10:47:17.689,47.30,17.60
2024-07-20 10:47:19.696,47.40,17.60
2024-07-20 10:47:21.703,47.70,17.60
2024-07-20 10:47:23.709,47.90,17.60
2024-07-20 10:47:25.716,47.90,17.60
2024-07-20 10:47:27.723,48.10,17.60
2024-07-20 10:47:29.729,48.20,17.60
2024-07-20 10:47:31.736,48.10,17.50
2024-07-20 10:47:33.743,48.00,17.50
2024-07-20 10:47:35.751,47.90,17.60
2024-07-20 10:47:37.757,47.90,17.60
2024-07-20 10:47:39.763,48.10,17.50
2024-07-20 10:47:41.770,48.10,17.60
2024-07-20 10:47:43.776,47.90,17.60
2024-07-20 10:47:45.783,48.00,17.50
2024-07-20 10:47:47.790,48.00,17.50
2024-07-20 10:47:49.796,48.10,17.50
2024-07-20 10:47:51.804,48.40,17.50
2024-07-20 10:47:53.810,48.60,17.60
2024-07-20 10:47:55.818,48.50,17.50
2024-07-20 10:47:57.824,48.60,17.50
2024-07-20 10:47:59.831,48.90,17.50
2024-07-20 10:48:01.838,49.00,17.50
2024-07-20 10:48:03.845,49.00,17.60
2024-07-20 10:48:05.852,49.10,17.50
2024-07-20 10:48:07.858,49.10,17.60
2024-07-20 10:48:09.865,48.80,17.50
2024-07-20 10:48:11.872,48.60,17.50
2024-07-20 10:48:13.879,48.50,17.60
2024-07-20 10:48:15.885,48.40,17.60
2024-07-20 10:48:17.892,48.20,17.60
2024-07-20 10:48:19.899,48.40,17.60
2024-07-20 10:48:21.906,48.60,17.60
2024-07-20 10:48:23.912,49.00,17.60
2024-07-20 10:48:25.919,49.40,17.60
2024-07-20 10:48:27.926,49.30,17.60
2024-07-20 10:48:29.933,49.20,17.60
2024-07-20 10:48:31.939,49.10,17.60
2024-07-20 10:48:33.947,48.90,17.60
2024-07-20 10:48:35.953,48.80,17.60
2024-07-20 10:48:37.960,48.70,17.60
2024-07-20 10:48:39.967,48.40,17.60
2024-07-20 10:48:41.973,48.10,17.60
2024-07-20 10:48:43.980,48.00,17.60
2024-07-20 10:48:45.987,47.80,17.60
2024-07-20 10:48:47.994,47.90,17.60
2024-07-20 10:48:50.000,48.10,17.60
2024-07-20 10:48:52.007,48.00,17.60
2024-07-20 10:48:54.013,48.10,17.60
2024-07-20 10:48:56.020,48.20,17.60
2024-07-20 10:48:58.027,48.10,17.60
2024-07-20 10:49:00.034,48.30,17.60
2024-07-20 10:49:02.040,48.50,17.60
2024-07-20 10:49:04.048,48.60,17.60
2024-07-20 10:49:06.054,48.90,17.60
2024-07-20 10:49:08.061,49.00,17.60
2024-07-20 10:49:10.067,48.80,17.60
2024-07-20 10:49:12.074,48.70,17.60
2024-07-20 10:49:14.081,48.40,17.60
2024-07-20 10:49:16.088,48.30,17.60
2024-07-20 10:49:18.094,48.40,17.60
2024-07-20 10:49:20.100,48.50,17.60
2024-07-20 10:49:22.107,48.60,17.60
2024-07-20 10:49:24.114,48.70,17.60
2024-07-20 10:49:26.122,49.10,17.60
2024-07-20 10:49:28.128,49.20,17.60
2024-07-20 10:49:30.135,49.50,17.60
2024-07-20 10:49:32.141,49.40,17.60
2024-07-20 10:49:34.149,49.30,17.60
2024-07-20 10:49:36.155,48.90,17.60
2024-07-20 10:49:38.162,48.60,17.60
2024-07-20 10:49:40.169,48.50,17.60
2024-07-20 10:49:42.176,48.10,17.60
2024-07-20 10:49:44.182,48.20,17.60
2024-07-20 10:49:46.189,48.20,17.60
2024-07-20 10:49:48.196,48.30,17.60
2024-07-20 10:49:50.202,48.30,17.60
2024-07-20 10:49:52.209,48.30,17.60
2024-07-20 10:49:54.215,48.30,17.60
2024-07-20 10:49:56.222,48.20,17.60
2024-07-20 10:49:58.229,48.00,17.60
2024-07-20 10:50:00.235,47.90,17.60
2024-07-20 10:50:02.242,47.60,17.60
2024-07-20 10:50:04.249,47.80,17.60
2024-07-20 10:50:06.255,48.00,17.50
2024-07-20 10:50:08.262,48.00,17.60
2024-07-20 10:50:10.270,47.90,17.50
2024-07-20 10:50:12.276,48.20,17.50
2024-07-20 10:50:14.283,48.50,17.50
2024-07-20 10:50:16.290,48.70,17.50
2024-07-20 10:50:18.297,48.90,17.50
2024-07-20 10:50:20.304,49.00,17.50
2024-07-20 10:50:22.311,49.10,17.50
2024-07-20 10:50:24.318,49.30,17.50
2024-07-20 10:50:26.324,49.30,17.50
2024-07-20 10:50:28.332,49.10,17.50
2024-07-20 10:50:30.338,48.80,17.50
2024-07-20 10:50:32.346,48.60,17.50
2024-07-20 10:50:34.352,48.40,17.50
2024-07-20 10:50:36.359,48.70,17.50
2024-07-20 10:50:38.366,48.90,17.50
2024-07-20 10:50:40.373,49.00,17.50
2024-07-20 10:50:42.380,48.80,17.50
2024-07-20 10:50:44.387,49.00,17.50
2024-07-20 10:50:46.394,49.00,17.50
2024-07-20 10:50:48.400,49.00,17.50
2024-07-20 10:50:50.407,49.10,17.50
2024-07-20 10:50:52.417,49.20,17.50
2024-07-20 10:50:54.421,49.40,17.50
2024-07-20 10:50:56.429,49.30,17.50
2024-07-20 10:50:58.435,49.50,17.50
2024-07-20 10:51:00.442,49.60,17.50
2024-07-20 10:51:02.449,49.60,17.50
2024-07-20 10:51:04.455,49.60,17.50
2024-07-20 10:51:06.462,49.60,17.50
2024-07-20 10:51:08.470,49.50,17.50
2024-07-20 10:51:10.476,49.30,17.50
2024-07-20 10:51:12.484,49.10,17.50
2024-07-20 10:51:14.490,48.90,17.50
2024-07-20 10:51:16.498,48.70,17.50
2024-07-20 10:51:18.504,48.30,17.50
2024-07-20 10:51:20.511,48.20,17.50
2024-07-20 10:51:22.517,47.90,17.50
2024-07-20 10:51:24.525,47.90,17.40
2024-07-20 10:51:26.532,47.80,17.40
2024-07-20 10:51:28.538,47.50,17.50
2024-07-20 10:51:30.547,47.60,17.50
2024-07-20 10:51:32.552,47.60,17.50
2024-07-20 10:51:34.560,47.60,17.40
2024-07-20 10:51:36.566,47.70,17.40
2024-07-20 10:51:38.573,47.80,17.40
2024-07-20 10:51:40.579,47.80,17.40
2024-07-20 10:51:42.586,47.90,17.40
2024-07-20 10:51:44.594,47.80,17.40
2024-07-20 10:51:46.600,47.90,17.40
2024-07-20 10:51:48.607,48.00,17.40
2024-07-20 10:51:50.614,47.90,17.40
2024-07-20 10:51:52.621,47.90,17.40
2024-07-20 10:51:54.628,47.90,17.40
2024-07-20 10:51:56.635,47.90,17.40
2024-07-20 10:51:58.642,48.00,17.40
2024-07-20 10:52:00.648,48.20,17.40
2024-07-20 10:52:02.656,47.90,17.30
2024-07-20 10:52:04.663,47.90,17.30
2024-07-20 10:52:06.669,47.90,17.40
2024-07-20 10:52:08.677,48.30,17.30
2024-07-20 10:52:10.684,48.40,17.30
2024-07-20 10:52:12.690,48.30,17.30
2024-07-20 10:52:14.697,48.70,17.30
2024-07-20 10:52:16.704,49.10,17.30
2024-07-20 10:52:18.712,49.50,17.30
2024-07-20 10:52:20.717,49.60,17.30
2024-07-20 10:52:22.724,50.10,17.30
2024-07-20 10:52:24.732,50.40,17.30
2024-07-20 10:52:26.739,50.60,17.30
2024-07-20 10:52:28.745,50.60,17.30
2024-07-20 10:52:30.752,50.60,17.30
2024-07-20 10:52:32.760,50.10,17.30
2024-07-20 10:52:34.767,50.20,17.30
2024-07-20 10:52:36.773,50.30,17.30
2024-07-20 10:52:38.779,50.00,17.30
2024-07-20 10:52:40.786,50.30,17.30
2024-07-20 10:52:42.793,50.20,17.30
2024-07-20 10:52:44.801,50.20,17.30
2024-07-20 10:52:46.807,49.80,17.30
2024-07-20 10:52:48.814,49.70,17.30
2024-07-20 10:52:50.821,49.60,17.30
2024-07-20 10:52:52.828,49.50,17.30
2024-07-20 10:52:54.834,49.20,17.30
2024-07-20 10:52:56.841,49.30,17.30
2024-07-20 10:52:58.849,49.20,17.30
2024-07-20 10:53:00.855,49.20,17.30
2024-07-20 10:53:02.862,49.10,17.30
2024-07-20 10:53:04.870,49.00,17.30
2024-07-20 10:53:06.876,48.80,17.30
2024-07-20 10:53:08.883,48.80,17.30
2024-07-20 10:53:10.889,49.00,17.30
2024-07-20 10:53:12.896,49.30,17.30
2024-07-20 10:53:14.903,49.60,17.30
2024-07-20 10:53:16.910,49.60,17.30
2024-07-20 10:53:18.917,49.40,17.30
2024-07-20 10:53:20.924,49.30,17.30
2024-07-20 10:53:22.932,49.40,17.20
2024-07-20 10:53:24.938,49.70,17.30
2024-07-20 10:53:26.944,49.70,17.30
2024-07-20 10:53:28.951,49.60,17.30
2024-07-20 10:53:30.959,49.50,17.30
2024-07-20 10:53:32.967,49.50,17.30
2024-07-20 10:53:34.974,49.30,17.30
2024-07-20 10:53:36.980,49.10,17.30
2024-07-20 10:53:38.987,49.30,17.30
2024-07-20 10:53:40.993,49.40,17.30
2024-07-20 10:53:43.001,49.10,17.30
2024-07-20 10:53:45.009,48.90,17.20
2024-07-20 10:53:47.015,48.80,17.30
2024-07-20 10:53:49.021,49.00,17.30
2024-07-20 10:53:51.028,48.90,17.30
2024-07-20 10:53:53.035,49.00,17.20
2024-07-20 10:53:55.042,48.90,17.20
2024-07-20 10:53:57.048,48.90,17.20
2024-07-20 10:53:59.055,48.90,17.20
2024-07-20 10:54:01.063,49.00,17.30
2024-07-20 10:54:03.069,48.90,17.20
2024-07-20 10:54:05.075,48.90,17.20
2024-07-20 10:54:07.082,48.80,17.30
2024-07-20 10:54:09.089,48.80,17.20
2024-07-20 10:54:11.095,48.80,17.20
2024-07-20 10:54:13.103,48.60,17.20
2024-07-20 10:54:15.110,48.60,17.20
2024-07-20 10:54:17.116,48.60,17.20
2024-07-20 10:54:19.123,48.40,17.20
2024-07-20 10:54:21.130,48.30,17.20
2024-07-20 10:54:23.137,48.40,17.20
2024-07-20 10:54:25.144,48.50,17.20
2024-07-20 10:54:27.151,48.70,17.20
2024-07-20 10:54:29.157,48.90,17.10
2024-07-20 10:54:31.164,48.80,17.10
2024-07-20 10:54:33.171,49.10,17.10
2024-07-20 10:54:35.179,49.30,17.10
2024-07-20 10:54:37.186,49.30,17.10
2024-07-20 10:54:39.192,49.20,17.20
2024-07-20 10:54:41.199,49.40,17.10
2024-07-20 10:54:43.206,49.90,17.10
2024-07-20 10:54:45.212,50.30,17.10
2024-07-20 10:54:47.219,50.50,17.10
2024-07-20 10:54:49.227,50.90,17.10
2024-07-20 10:54:51.233,51.10,17.10
2024-07-20 10:54:53.241,50.90,17.20
2024-07-20 10:54:55.247,50.80,17.20
2024-07-20 10:54:57.255,50.50,17.10
2024-07-20 10:54:59.262,50.30,17.20
2024-07-20 10:55:01.268,49.90,17.20
2024-07-20 10:55:03.275,50.40,17.10
2024-07-20 10:55:05.283,50.80,17.20
2024-07-20 10:55:07.289,51.00,17.10
2024-07-20 10:55:09.296,51.10,17.10
2024-07-20 10:55:11.303,51.20,17.10
2024-07-20 10:55:13.310,50.90,17.20
2024-07-20 10:55:15.317,51.10,17.20
2024-07-20 10:55:17.323,50.90,17.20
2024-07-20 10:55:19.330,50.90,17.20
2024-07-20 10:55:21.338,50.90,17.20
2024-07-20 10:55:23.344,50.90,17.20
2024-07-20 10:55:25.351,50.60,17.20
2024-07-20 10:55:27.358,50.20,17.20
2024-07-20 10:55:29.365,50.20,17.20
2024-07-20 10:55:31.371,50.10,17.20
2024-07-20 10:55:33.379,50.00,17.20
2024-07-20 10:55:35.385,50.00,17.20
2024-07-20 10:55:37.392,49.80,17.20
2024-07-20 10:55:39.398,50.00,17.20
2024-07-20 10:55:41.406,49.80,17.20
2024-07-20 10:55:43.412,49.90,17.20
2024-07-20 10:55:45.419,49.80,17.20
2024-07-20 10:55:47.426,49.60,17.20
2024-07-20 10:55:49.433,49.60,17.20
2024-07-20 10:55:51.440,49.70,17.20
2024-07-20 10:55:53.446,49.50,17.20
2024-07-20 10:55:55.454,49.40,17.20
2024-07-20 10:55:57.461,49.40,17.20
2024-07-20 10:55:59.467,49.40,17.20
2024-07-20 10:56:01.474,49.20,17.20
2024-07-20 10:56:03.481,49.20,17.20
2024-07-20 10:56:05.488,49.30,17.20
2024-07-20 10:56:07.495,49.50,17.10
2024-07-20 10:56:09.502,49.50,17.20
2024-07-20 10:56:11.509,49.50,17.20
2024-07-20 10:56:13.516,49.50,17.20
2024-07-20 10:56:15.523,49.60,17.20
2024-07-20 10:56:17.529,49.80,17.10
2024-07-20 10:56:19.536,50.00,17.10
2024-07-20 10:56:21.543,49.90,17.20
2024-07-20 10:56:23.550,50.10,17.10
2024-07-20 10:56:25.557,50.30,17.10
2024-07-20 10:56:27.564,50.50,17.10
2024-07-20 10:56:29.571,50.60,17.10
2024-07-20 10:56:31.579,50.70,17.10
2024-07-20 10:56:33.584,50.60,17.10
2024-07-20 10:56:35.592,50.70,17.20
2024-07-20 10:56:37.599,50.50,17.10
2024-07-20 10:56:39.605,50.40,17.10
2024-07-20 10:56:41.613,49.80,17.20
2024-07-20 10:56:43.619,49.80,17.10
2024-07-20 10:56:45.626,49.60,17.10
2024-07-20 10:56:47.633,49.50,17.10
2024-07-20 10:56:49.639,49.50,17.10
2024-07-20 10:56:51.648,49.50,17.10
2024-07-20 10:56:53.654,49.40,17.20
2024-07-20 10:56:55.661,49.20,17.20
2024-07-20 10:56:57.668,49.50,17.10
2024-07-20 10:56:59.674,49.60,17.20
2024-07-20 10:57:01.682,49.70,17.10
2024-07-20 10:57:03.688,50.00,17.20
2024-07-20 10:57:05.695,49.90,17.10
2024-07-20 10:57:07.702,49.60,17.10
2024-07-20 10:57:09.708,49.60,17.10
2024-07-20 10:57:11.715,50.10,17.10
2024-07-20 10:57:13.722,50.10,17.10
2024-07-20 10:57:15.730,50.20,17.20
2024-07-20 10:57:17.736,50.20,17.20
2024-07-20 10:57:19.743,50.30,17.10
2024-07-20 10:57:21.751,50.10,17.20
2024-07-20 10:57:23.757,49.70,17.20
2024-07-20 10:57:25.764,49.60,17.20
2024-07-20 10:57:27.770,49.50,17.20
2024-07-20 10:57:29.777,49.40,17.20
2024-07-20 10:57:31.784,49.40,17.10
2024-07-20 10:57:33.792,49.80,17.10
2024-07-20 10:57:35.799,49.90,17.20
2024-07-20 10:57:37.805,50.00,17.20
2024-07-20 10:57:39.812,50.10,17.20
2024-07-20 10:57:41.819,50.30,17.20
2024-07-20 10:57:43.825,50.30,17.10
2024-07-20 10:57:45.832,50.50,17.20
2024-07-20 10:57:47.839,50.70,17.20
2024-07-20 10:57:49.846,50.90,17.20
2024-07-20 10:57:51.853,51.00,17.20
2024-07-20 10:57:53.860,50.90,17.20
2024-07-20 10:57:55.867,50.70,17.20
2024-07-20 10:57:57.873,50.60,17.20
2024-07-20 10:57:59.880,50.80,17.20
2024-07-20 10:58:01.887,50.70,17.20
2024-07-20 10:58:03.894,50.80,17.20
2024-07-20 10:58:05.901,50.70,17.20
2024-07-20 10:58:07.908,50.70,17.30
2024-07-20 10:58:09.915,50.60,17.20
2024-07-20 10:58:11.922,50.60,17.20
2024-07-20 10:58:13.928,50.70,17.20
2024-07-20 10:58:15.935,50.60,17.30
2024-07-20 10:58:17.942,50.70,17.20
2024-07-20 10:58:19.949,51.00,17.30
2024-07-20 10:58:21.956,51.00,17.20
2024-07-20 10:58:23.963,51.10,17.20
2024-07-20 10:58:25.970,51.00,17.30
2024-07-20 10:58:27.977,50.80,17.30
2024-07-20 10:58:29.984,50.60,17.30
2024-07-20 10:58:31.991,50.60,17.30
2024-07-20 10:58:33.998,50.40,17.30
2024-07-20 10:58:36.005,50.10,17.30
2024-07-20 10:58:38.012,50.20,17.30
2024-07-20 10:58:40.018,50.40,17.30
2024-07-20 10:58:42.025,50.10,17.30
2024-07-20 10:58:44.032,49.90,17.30
2024-07-20 10:58:46.038,50.00,17.30
2024-07-20 10:58:48.045,50.20,17.30
2024-07-20 10:58:50.053,49.90,17.30
2024-07-20 10:58:52.059,49.90,17.30
2024-07-20 10:58:54.066,50.20,17.30
2024-07-20 10:58:56.072,50.40,17.30
2024-07-20 10:58:58.080,50.90,17.30
2024-07-20 10:59:00.086,50.70,17.30
2024-07-20 10:59:02.094,50.80,17.30
2024-07-20 10:59:04.100,50.60,17.30
2024-07-20 10:59:06.107,50.50,17.30
2024-07-20 10:59:08.114,50.50,17.30
2024-07-20 10:59:10.120,51.00,17.30
2024-07-20 10:59:12.128,51.20,17.30
2024-07-20 10:59:14.135,51.20,17.30
2024-07-20 10:59:16.142,50.80,17.30
2024-07-20 10:59:18.148,50.40,17.20
2024-07-20 10:59:20.155,50.10,17.30
2024-07-20 10:59:22.163,49.80,17.30
2024-07-20 10:59:24.170,49.90,17.30
2024-07-20 10:59:26.175,50.00,17.30
2024-07-20 10:59:28.183,49.80,17.30
2024-07-20 10:59:30.189,49.90,17.30
2024-07-20 10:59:32.196,50.00,17.20
2024-07-20 10:59:34.202,50.00,17.20
2024-07-20 10:59:36.209,50.10,17.20
2024-07-20 10:59:38.216,50.30,17.20
2024-07-20 10:59:40.223,50.20,17.30
2024-07-20 10:59:42.230,50.40,17.20
2024-07-20 10:59:44.237,50.50,17.20
2024-07-20 10:59:46.244,50.80,17.20
2024-07-20 10:59:48.251,51.10,17.20
2024-07-20 10:59:50.257,51.40,17.20
2024-07-20 10:59:52.264,51.50,17.20
2024-07-20 10:59:54.271,51.60,17.20
2024-07-20 10:59:56.277,51.60,17.20
2024-07-20 10:59:58.284,51.50,17.20
2024-07-20 11:00:00.291,51.30,17.20
2024-07-20 11:00:02.297,51.20,17.20
2024-07-20 11:00:04.304,50.90,17.20
2024-07-20 11:00:06.311,51.20,17.20
2024-07-20 11:00:08.318,51.10,17.20
2024-07-20 11:00:10.324,51.10,17.30
2024-07-20 11:00:12.331,51.10,17.20
2024-07-20 11:00:14.338,51.20,17.20
2024-07-20 11:00:16.345,51.30,17.20
2024-07-20 11:00:18.352,51.20,17.20
2024-07-20 11:00:20.359,51.00,17.20
2024-07-20 11:00:22.365,51.20,17.20
2024-07-20 11:00:24.371,51.30,17.30
2024-07-20 11:00:26.379,51.20,17.20
2024-07-20 11:00:28.386,51.00,17.30
2024-07-20 11:00:30.392,51.40,17.30
2024-07-20 11:00:32.399,51.40,17.30
2024-07-20 11:00:34.406,51.40,17.30
2024-07-20 11:00:36.411,51.40,17.30
2024-07-20 11:00:38.419,51.00,17.30
2024-07-20 11:00:40.426,50.90,17.30
2024-07-20 11:00:42.433,50.60,17.30
2024-07-20 11:00:44.440,50.70,17.40
2024-07-20 11:00:46.446,50.70,17.30
2024-07-20 11:00:48.453,50.80,17.30
2024-07-20 11:00:50.460,50.70,17.40
2024-07-20 11:00:52.467,50.80,17.40
2024-07-20 11:00:54.474,51.00,17.40
2024-07-20 11:00:56.481,51.10,17.40
2024-07-20 11:00:58.488,51.30,17.40
2024-07-20 11:01:00.494,51.30,17.40
2024-07-20 11:01:02.501,51.20,17.40
2024-07-20 11:01:04.508,51.10,17.40
2024-07-20 11:01:06.514,51.30,17.40
2024-07-20 11:01:08.521,51.40,17.40
2024-07-20 11:01:10.529,51.10,17.40
2024-07-20 11:01:12.536,50.90,17.40
2024-07-20 11:01:14.543,50.60,17.50
2024-07-20 11:01:16.549,50.50,17.50
2024-07-20 11:01:18.557,50.50,17.50
2024-07-20 11:01:20.563,50.40,17.50
2024-07-20 11:01:22.570,50.50,17.50
2024-07-20 11:01:24.578,50.50,17.50
2024-07-20 11:01:26.583,50.00,17.50
2024-07-20 11:01:28.591,49.90,17.50
2024-07-20 11:01:30.597,49.90,17.50
2024-07-20 11:01:32.604,50.20,17.50
2024-07-20 11:01:34.611,50.50,17.50
2024-07-20 11:01:36.619,50.80,17.50
2024-07-20 11:01:38.625,51.20,17.50
2024-07-20 11:01:40.632,51.50,17.50
2024-07-20 11:01:42.638,51.90,17.50
2024-07-20 11:01:44.645,52.20,17.60
2024-07-20 11:01:46.652,52.60,17.50
2024-07-20 11:01:48.659,52.80,17.50
2024-07-20 11:01:50.665,52.90,17.50
2024-07-20 11:01:52.671,52.90,17.60
2024-07-20 11:01:54.678,53.10,17.50
2024-07-20 11:01:56.685,53.20,17.60
2024-07-20 11:01:58.691,53.40,17.60
2024-07-20 11:02:00.699,53.50,17.60
2024-07-20 11:02:02.705,53.40,17.60
2024-07-20 11:02:04.713,53.60,17.60
2024-07-20 11:02:06.719,53.60,17.60
2024-07-20 11:02:08.725,53.70,17.60
2024-07-20 11:02:10.731,53.80,17.60
2024-07-20 11:02:12.738,53.70,17.60
2024-07-20 11:02:14.744,53.80,17.60
2024-07-20 11:02:16.752,53.80,17.60
2024-07-20 11:02:18.758,53.70,17.60
2024-07-20 11:02:20.766,53.90,17.60
2024-07-20 11:02:22.771,53.80,17.70
2024-07-20 11:02:24.779,53.90,17.60
2024-07-20 11:02:26.785,53.80,17.60
2024-07-20 11:02:28.793,54.00,17.60
2024-07-20 11:02:30.799,54.00,17.70
2024-07-20 11:02:32.806,54.00,17.70
2024-07-20 11:02:34.813,54.00,17.60
2024-07-20 11:02:36.819,54.10,17.70
2024-07-20 11:02:38.826,54.10,17.70
2024-07-20 11:02:40.833,54.00,17.70
2024-07-20 11:02:42.840,54.10,17.70
2024-07-20 11:02:44.847,54.10,17.70
2024-07-20 11:02:46.853,54.10,17.60
2024-07-20 11:02:48.859,54.00,17.70
2024-07-20 11:02:50.866,54.20,17.70
2024-07-20 11:02:52.873,54.00,17.70
2024-07-20 11:02:54.880,54.10,17.80
2024-07-20 11:02:56.887,54.20,17.70
2024-07-20 11:02:58.894,54.20,17.70
2024-07-20 11:03:00.900,54.10,17.70
2024-07-20 11:03:02.907,54.00,17.70
2024-07-20 11:03:04.914,54.10,17.80
2024-07-20 11:03:06.921,54.20,17.70
2024-07-20 11:03:08.927,54.10,17.80
2024-07-20 11:03:10.934,54.10,17.80
2024-07-20 11:03:12.941,54.10,17.80
2024-07-20 11:03:14.947,54.00,17.80
2024-07-20 11:03:16.954,54.10,17.80
2024-07-20 11:03:18.961,54.00,17.80
2024-07-20 11:03:20.967,54.00,17.90
2024-07-20 11:03:22.974,53.80,17.80
2024-07-20 11:03:24.982,53.90,17.90
2024-07-20 11:03:26.988,53.90,17.90
2024-07-20 11:03:28.994,53.80,17.90
2024-07-20 11:03:31.002,53.70,17.90
2024-07-20 11:03:33.008,53.80,17.90
2024-07-20 11:03:35.015,53.60,18.00
2024-07-20 11:03:37.022,53.60,18.00
2024-07-20 11:03:39.029,53.50,18.00
2024-07-20 11:03:41.035,53.50,18.00
2024-07-20 11:03:43.042,53.50,18.00
2024-07-20 11:03:45.049,53.30,18.00
2024-07-20 11:03:47.056,53.40,18.00
2024-07-20 11:03:49.061,53.40,18.00
2024-07-20 11:03:51.069,53.20,18.10
2024-07-20 11:03:53.076,53.30,18.00
2024-07-20 11:03:55.083,53.10,18.10
2024-07-20 11:03:57.089,53.10,18.10
2024-07-20 11:03:59.096,53.10,18.10
2024-07-20 11:04:01.103,53.00,18.10
2024-07-20 11:04:03.109,53.00,18.10
2024-07-20 11:04:05.116,53.00,18.10
2024-07-20 11:04:07.123,53.00,18.10
2024-07-20 11:04:09.129,52.90,18.10
2024-07-20 11:04:11.136,52.90,18.20
2024-07-20 11:04:13.142,52.90,18.10
2024-07-20 11:04:15.149,52.90,18.20
2024-07-20 11:04:17.156,52.80,18.20
2024-07-20 11:04:19.163,52.90,18.20
2024-07-20 11:04:21.170,52.70,18.20
2024-07-20 11:04:23.177,52.70,18.20
2024-07-20 11:04:25.184,52.60,18.30
2024-07-20 11:04:27.191,52.60,18.20
2024-07-20 11:04:29.197,52.70,18.30
2024-07-20 11:04:31.204,52.60,18.30
2024-07-20 11:04:33.211,52.60,18.30
2024-07-20 11:04:35.217,52.60,18.40
2024-07-20 11:04:37.224,52.60,18.30
2024-07-20 11:04:39.230,52.60,18.30
2024-07-20 11:04:41.238,52.60,18.30
2024-07-20 11:04:43.244,52.60,18.30
2024-07-20 11:04:45.252,52.50,18.40
2024-07-20 11:04:47.258,52.60,18.40
2024-07-20 11:04:49.265,52.50,18.30
2024-07-20 11:04:51.272,52.50,18.40
2024-07-20 11:04:53.278,52.40,18.40
2024-07-20 11:04:55.285,52.50,18.40
2024-07-20 11:04:57.291,52.40,18.40
2024-07-20 11:04:59.299,52.50,18.40
2024-07-20 11:05:01.305,52.40,18.40
2024-07-20 11:05:03.312,52.30,18.40
2024-07-20 11:05:05.319,52.40,18.50
2024-07-20 11:05:07.325,52.30,18.50
2024-07-20 11:05:09.332,52.30,18.50
2024-07-20 11:05:11.339,52.40,18.50
2024-07-20 11:05:13.346,52.40,18.50
2024-07-20 11:05:15.353,52.30,18.50
2024-07-20 11:05:17.360,52.40,18.50
2024-07-20 11:05:19.367,52.20,18.50
2024-07-20 11:05:21.372,52.30,18.50
2024-07-20 11:05:23.379,52.30,18.60
2024-07-20 11:05:25.386,52.20,18.60
2024-07-20 11:05:27.393,52.20,18.60
2024-07-20 11:05:29.399,52.20,18.60
2024-07-20 11:05:31.406,52.20,18.60
2024-07-20 11:05:33.414,52.20,18.60
2024-07-20 11:05:35.419,52.20,18.70
2024-07-20 11:05:37.426,52.10,18.60
2024-07-20 11:05:39.434,52.30,18.60
2024-07-20 11:05:41.440,52.10,18.60
2024-07-20 11:05:43.447,52.00,18.70
2024-07-20 11:05:45.453,52.10,18.70
2024-07-20 11:05:47.461,52.10,18.70
2024-07-20 11:05:49.467,52.20,18.70
2024-07-20 11:05:51.474,52.10,18.70
2024-07-20 11:05:53.481,52.00,18.70
2024-07-20 11:05:55.487,52.10,18.70
2024-07-20 11:05:57.495,52.10,18.70
2024-07-20 11:05:59.500,52.00,18.70
2024-07-20 11:06:01.508,51.90,18.70
2024-07-20 11:06:03.515,52.10,18.80
2024-07-20 11:06:05.521,52.00,18.70
2024-07-20 11:06:07.528,52.10,18.70
2024-07-20 11:06:09.535,51.90,18.70
2024-07-20 11:06:11.541,52.00,18.80
2024-07-20 11:06:13.547,52.00,18.70
2024-07-20 11:06:15.556,51.80,18.80
2024-07-20 11:06:17.562,52.00,18.80
2024-07-20 11:06:19.569,51.90,18.80
2024-07-20 11:06:21.575,51.90,18.80
2024-07-20 11:06:23.581,51.80,18.80
2024-07-20 11:06:25.588,51.90,18.80
2024-07-20 11:06:27.594,51.90,18.80
2024-07-20 11:06:29.601,51.80,18.80
2024-07-20 11:06:31.609,51.80,18.90
2024-07-20 11:06:33.615,51.70,18.80
2024-07-20 11:06:35.621,51.80,18.80
2024-07-20 11:06:37.628,51.80,18.80
2024-07-20 11:06:39.635,51.80,18.90
2024-07-20 11:06:41.641,51.80,18.90
2024-07-20 11:06:43.648,51.70,18.90
2024-07-20 11:06:45.656,51.70,18.90
2024-07-20 11:06:47.661,51.80,18.90
2024-07-20 11:06:49.669,51.70,18.90
2024-07-20 11:06:51.675,51.70,18.90
2024-07-20 11:06:53.683,51.60,18.90
2024-07-20 11:06:55.689,51.80,18.90
2024-07-20 11:06:57.696,51.80,18.90
2024-07-20 11:06:59.703,51.70,18.90
2024-07-20 11:07:01.709,51.70,18.90
2024-07-20 11:07:03.715,51.60,18.90
2024-07-20 11:07:05.722,51.70,18.90
2024-07-20 11:07:07.730,51.60,18.90
2024-07-20 11:07:09.736,51.60,18.90
2024-07-20 11:07:11.742,51.70,19.00
2024-07-20 11:07:13.750,51.60,18.90
2024-07-20 11:07:15.756,51.70,19.00
2024-07-20 11:07:17.764,51.60,19.00
2024-07-20 11:07:19.770,51.70,19.00
2024-07-20 11:07:21.776,51.70,19.00
2024-07-20 11:07:23.784,51.60,19.00
2024-07-20 11:07:25.790,51.60,19.00
2024-07-20 11:07:27.797,51.60,19.00
2024-07-20 11:07:29.803,51.50,19.00
2024-07-20 11:07:31.810,51.60,19.00
2024-07-20 11:07:33.816,51.60,19.00
2024-07-20 11:07:35.823,51.60,19.00
2024-07-20 11:07:37.829,51.50,19.00
2024-07-20 11:07:39.836,51.50,19.00
2024-07-20 11:07:41.843,51.50,19.00
2024-07-20 11:07:43.850,51.60,19.00
2024-07-20 11:07:45.858,51.50,19.00
2024-07-20 11:07:47.863,51.40,19.00
2024-07-20 11:07:49.869,51.50,19.00
2024-07-20 11:07:51.877,51.40,19.10
2024-07-20 11:07:53.883,51.30,19.00
2024-07-20 11:07:55.890,51.40,19.00
2024-07-20 11:07:57.896,51.40,19.10
2024-07-20 11:07:59.902,51.40,19.00
2024-07-20 11:08:01.909,51.40,19.00
2024-07-20 11:08:03.915,51.30,19.10
2024-07-20 11:08:05.923,51.30,19.10
2024-07-20 11:08:07.930,51.50,19.10
2024-07-20 11:08:09.937,51.30,19.10
2024-07-20 11:08:11.944,51.40,19.10
2024-07-20 11:08:13.949,51.30,19.00
2024-07-20 11:08:15.957,51.30,19.10
2024-07-20 11:08:17.964,51.40,19.10
2024-07-20 11:08:19.971,51.40,19.10
2024-07-20 11:08:21.978,51.40,19.10
2024-07-20 11:08:23.983,51.50,19.10
2024-07-20 11:08:25.990,51.40,19.10
2024-07-20 11:08:27.997,51.30,19.10
2024-07-20 11:08:30.003,51.30,19.10
2024-07-20 11:08:32.011,51.30,19.10
2024-07-20 11:08:34.018,51.30,19.10
2024-07-20 11:08:36.025,51.40,19.10
2024-07-20 11:08:38.031,51.40,19.10
2024-07-20 11:08:40.038,51.30,19.10
2024-07-20 11:08:42.045,51.30,19.10
2024-07-20 11:08:44.051,51.30,19.10
2024-07-20 11:08:46.057,51.30,19.20
2024-07-20 11:08:48.064,51.20,19.20
2024-07-20 11:08:50.071,51.20,19.20
2024-07-20 11:08:52.077,51.20,19.20
2024-07-20 11:08:54.084,51.30,19.20
2024-07-20 11:08:56.090,51.40,19.20
2024-07-20 11:08:58.096,51.30,19.10
2024-07-20 11:09:00.103,51.40,19.20
2024-07-20 11:09:02.110,51.20,19.20
2024-07-20 11:09:04.116,51.20,19.20
2024-07-20 11:09:06.122,51.20,19.20
2024-07-20 11:09:08.129,51.30,19.20
2024-07-20 11:09:10.136,51.30,19.20
2024-07-20 11:09:12.141,51.30,19.20
2024-07-20 11:09:14.148,51.30,19.20
2024-07-20 11:09:16.156,51.30,19.20
2024-07-20 11:09:18.161,51.20,19.20
2024-07-20 11:09:20.167,51.20,19.20
2024-07-20 11:09:22.174,51.20,19.20
2024-07-20 11:09:24.180,51.20,19.20
2024-07-20 11:09:26.188,51.20,19.20
2024-07-20 11:09:28.194,51.40,19.30
2024-07-20 11:09:30.200,51.10,19.30
2024-07-20 11:09:32.208,51.10,19.30
2024-07-20 11:09:34.214,51.10,19.30
2024-07-20 11:09:36.220,51.20,19.30
2024-07-20 11:09:38.227,51.30,19.30
2024-07-20 11:09:40.235,51.10,19.30
2024-07-20 11:09:42.240,51.00,19.30
2024-07-20 11:09:44.247,51.00,19.30
2024-07-20 11:09:46.255,51.10,19.30
2024-07-20 11:09:48.262,51.10,19.30
2024-07-20 11:09:50.268,51.10,19.30
2024-07-20 11:09:52.275,51.00,19.30
2024-07-20 11:09:54.282,50.90,19.30
2024-07-20 11:09:56.288,51.00,19.30
2024-07-20 11:09:58.296,51.00,19.30
2024-07-20 11:10:00.303,51.00,19.30
2024-07-20 11:10:02.308,51.00,19.30
2024-07-20 11:10:04.316,50.90,19.40
2024-07-20 11:10:06.322,51.00,19.30
2024-07-20 11:10:08.329,50.90,19.40
2024-07-20 11:10:10.337,50.90,19.40
2024-07-20 11:10:12.343,51.00,19.40
2024-07-20 11:10:14.349,50.90,19.40
2024-07-20 11:10:16.356,51.00,19.40
2024-07-20 11:10:18.362,50.90,19.40
2024-07-20 11:10:20.369,51.00,19.40
2024-07-20 11:10:22.377,51.00,19.40
2024-07-20 11:10:24.383,51.00,19.40
2024-07-20 11:10:26.390,51.00,19.40
2024-07-20 11:10:28.397,50.90,19.40
2024-07-20 11:10:30.404,50.90,19.40
2024-07-20 11:10:32.411,50.90,19.40
2024-07-20 11:10:34.417,50.80,19.40
2024-07-20 11:10:36.424,51.00,19.40
2024-07-20 11:10:38.430,50.90,19.40
2024-07-20 11:10:40.438,50.90,19.40
2024-07-20 11:10:42.445,50.90,19.40
2024-07-20 11:10:44.451,50.90,19.50
2024-07-20 11:10:46.458,50.90,19.40
2024-07-20 11:10:48.464,50.90,19.40
2024-07-20 11:10:50.471,50.90,19.40
2024-07-20 11:10:52.478,51.00,19.40
2024-07-20 11:10:54.485,50.90,19.50
2024-07-20 11:10:56.492,50.80,19.50
2024-07-20 11:10:58.498,50.90,19.50
2024-07-20 11:11:00.506,50.80,19.50
2024-07-20 11:11:02.512,50.80,19.50
2024-07-20 11:11:04.519,50.80,19.50
2024-07-20 11:11:06.526,50.80,19.50
2024-07-20 11:11:08.532,50.70,19.50
2024-07-20 11:11:10.540,50.60,19.50
2024-07-20 11:11:12.547,50.70,19.50
2024-07-20 11:11:14.553,50.70,19.50
2024-07-20 11:11:16.560,50.70,19.50
2024-07-20 11:11:18.569,50.80,19.50
2024-07-20 11:11:20.575,50.70,19.50
2024-07-20 11:11:22.581,50.70,19.50
2024-07-20 11:11:24.589,50.70,19.50
2024-07-20 11:11:26.595,50.80,19.50
2024-07-20 11:11:28.602,50.70,19.50
2024-07-20 11:11:30.609,50.70,19.50
2024-07-20 11:11:32.617,50.70,19.50
2024-07-20 11:11:34.623,50.70,19.60
2024-07-20 11:11:36.630,50.80,19.60
2024-07-20 11:11:38.636,50.80,19.50
2024-07-20 11:11:40.643,50.80,19.50
2024-07-20 11:11:42.650,50.90,19.60
2024-07-20 11:11:44.657,50.70,19.50
2024-07-20 11:11:46.664,50.80,19.50
2024-07-20 11:11:48.671,50.80,19.50
2024-07-20 11:11:50.677,50.80,19.60
2024-07-20 11:11:52.684,50.80,19.60
2024-07-20 11:11:54.691,50.70,19.60
2024-07-20 11:11:56.698,50.70,19.60
2024-07-20 11:11:58.705,50.70,19.60
2024-07-20 11:12:00.712,50.70,19.60
2024-07-20 11:12:02.718,50.80,19.60
2024-07-20 11:12:04.726,50.80,19.60
2024-07-20 11:12:06.731,50.70,19.60
2024-07-20 11:12:08.738,50.70,19.60
2024-07-20 11:12:10.746,50.70,19.60
2024-07-20 11:12:12.752,50.70,19.60
2024-07-20 11:12:14.759,50.70,19.60
2024-07-20 11:12:16.765,50.70,19.60
2024-07-20 11:12:18.772,50.70,19.60
2024-07-20 11:12:20.779,50.70,19.60
2024-07-20 11:12:22.785,50.70,19.60
2024-07-20 11:12:24.792,50.80,19.60
2024-07-20 11:12:26.798,50.70,19.60
2024-07-20 11:12:28.805,50.60,19.60
2024-07-20 11:12:30.812,50.60,19.60
2024-07-20 11:12:32.820,50.70,19.60
2024-07-20 11:12:34.827,50.80,19.60
2024-07-20 11:12:36.832,50.70,19.60
2024-07-20 11:12:38.840,50.70,19.60
2024-07-20 11:12:40.847,50.70,19.60
2024-07-20 11:12:42.854,50.70,19.60
2024-07-20 11:12:44.860,50.80,19.60
2024-07-20 11:12:46.867,50.60,19.60
2024-07-20 11:12:48.874,50.70,19.60
2024-07-20 11:12:50.880,50.70,19.60
2024-07-20 11:12:52.888,50.80,19.60
2024-07-20 11:12:54.895,50.70,19.70
2024-07-20 11:12:56.902,50.70,19.60
2024-07-20 11:12:58.908,50.60,19.70
2024-07-20 11:13:00.915,50.70,19.60
2024-07-20 11:13:02.922,50.80,19.70
2024-07-20 11:13:04.928,50.70,19.70
2024-07-20 11:13:06.935,50.70,19.70
2024-07-20 11:13:08.942,50.80,19.60
2024-07-20 11:13:10.948,50.70,19.70
2024-07-20 11:13:12.956,50.70,19.70
2024-07-20 11:13:14.962,50.70,19.70
2024-07-20 11:13:16.969,50.70,19.70
2024-07-20 11:13:18.977,50.60,19.60
2024-07-20 11:13:20.982,50.60,19.70
2024-07-20 11:13:22.990,50.70,19.70
2024-07-20 11:13:24.997,50.80,19.70
2024-07-20 11:13:27.004,50.60,19.70
2024-07-20 11:13:29.010,50.60,19.70
2024-07-20 11:13:31.018,50.60,19.70
2024-07-20 11:13:33.024,50.80,19.70
2024-07-20 11:13:35.030,50.70,19.70
2024-07-20 11:13:37.037,50.70,19.70
2024-07-20 11:13:39.044,50.50,19.70
2024-07-20 11:13:41.052,50.50,19.70
2024-07-20 11:13:43.058,50.60,19.70
2024-07-20 11:13:45.065,50.60,19.70
2024-07-20 11:13:47.072,50.50,19.70
2024-07-20 11:13:49.079,50.60,19.70
2024-07-20 11:13:51.086,50.60,19.70
2024-07-20 11:13:53.093,50.50,19.70
2024-07-20 11:13:55.099,50.60,19.70
2024-07-20 11:13:57.106,50.50,19.70
2024-07-20 11:13:59.112,50.50,19.80
2024-07-20 11:14:01.120,50.50,19.70
2024-07-20 11:14:03.127,50.50,19.80
2024-07-20 11:14:05.133,50.30,19.80
2024-07-20 11:14:07.141,50.60,19.80
2024-07-20 11:14:09.147,50.40,19.80
2024-07-20 11:14:11.154,50.50,19.80
2024-07-20 11:14:13.161,50.50,19.80
2024-07-20 11:14:15.167,50.50,19.80
2024-07-20 11:14:17.174,50.40,19.80
2024-07-20 11:14:19.181,50.40,19.80
2024-07-20 11:14:21.188,50.40,19.80
2024-07-20 11:14:23.194,50.50,19.80
2024-07-20 11:14:25.203,50.40,19.80
2024-07-20 11:14:27.208,50.30,19.80
2024-07-20 11:14:29.217,50.40,19.80
2024-07-20 11:14:31.222,50.20,19.80
2024-07-20 11:14:33.230,50.40,19.80
2024-07-20 11:14:35.236,50.50,19.90
2024-07-20 11:14:37.244,50.30,19.90
2024-07-20 11:14:39.251,50.20,19.80
2024-07-20 11:14:41.257,50.30,19.90
2024-07-20 11:14:43.265,50.30,19.80
2024-07-20 11:14:45.271,50.30,19.90
2024-07-20 11:14:47.278,50.50,19.90
2024-07-20 11:14:49.284,50.50,19.90
2024-07-20 11:14:51.292,50.30,19.90
2024-07-20 11:14:53.298,50.40,19.90
2024-07-20 11:14:55.305,50.40,19.90
2024-07-20 11:14:57.312,50.40,19.90
2024-07-20 11:14:59.319,50.40,19.90
2024-07-20 11:15:01.326,50.30,19.90
2024-07-20 11:15:03.332,50.30,19.90
2024-07-20 11:15:05.340,50.40,19.90
2024-07-20 11:15:07.347,50.30,19.90
2024-07-20 11:15:09.354,50.30,19.90
2024-07-20 11:15:11.361,50.40,19.90
2024-07-20 11:15:13.367,50.40,19.90
2024-07-20 11:15:15.375,50.30,19.90
2024-07-20 11:15:17.381,50.30,19.90
2024-07-20 11:15:19.388,50.40,19.90
2024-07-20 11:15:21.396,50.20,19.90
2024-07-20 11:15:23.402,50.10,19.90
2024-07-20 11:15:25.409,50.20,19.90
2024-07-20 11:15:27.416,50.20,19.90
2024-07-20 11:15:29.423,50.20,19.90
2024-07-20 11:15:31.431,50.20,20.00
2024-07-20 11:15:33.436,50.30,20.00
2024-07-20 11:15:35.443,50.20,20.00
2024-07-20 11:15:37.451,50.10,19.90
2024-07-20 11:15:39.458,50.10,20.00
2024-07-20 11:15:41.464,50.00,20.00
2024-07-20 11:15:43.471,50.10,20.00
2024-07-20 11:15:45.478,50.10,20.00
2024-07-20 11:15:47.485,50.20,20.00
2024-07-20 11:15:49.491,50.20,20.00
2024-07-20 11:15:51.500,50.10,20.00
2024-07-20 11:15:53.505,50.20,20.00
2024-07-20 11:15:55.512,50.20,20.00
2024-07-20 11:15:57.519,50.10,20.00
2024-07-20 11:15:59.526,50.10,20.00
2024-07-20 11:16:01.532,50.20,20.00
2024-07-20 11:16:03.540,50.30,20.00
2024-07-20 11:16:05.547,50.10,20.00
2024-07-20 11:16:07.553,50.20,20.00
2024-07-20 11:16:09.560,50.20,20.00
2024-07-20 11:16:11.567,50.30,20.00
2024-07-20 11:16:13.573,50.30,20.00
2024-07-20 11:16:15.580,50.20,20.00
2024-07-20 11:16:17.587,50.20,20.00
2024-07-20 11:16:19.593,50.30,20.00
2024-07-20 11:16:21.601,50.30,20.00
2024-07-20 11:16:23.607,50.30,20.00
2024-07-20 11:16:25.614,50.20,20.00
2024-07-20 11:16:27.621,50.20,20.00
2024-07-20 11:16:29.629,50.20,20.10
2024-07-20 11:16:31.634,50.30,20.00
2024-07-20 11:16:33.642,50.20,20.00
2024-07-20 11:16:35.648,50.30,20.00
2024-07-20 11:16:37.655,50.00,20.10
2024-07-20 11:16:39.662,50.30,20.00
2024-07-20 11:16:41.668,50.20,20.00
2024-07-20 11:16:43.676,50.20,20.10
2024-07-20 11:16:45.683,50.30,20.00
2024-07-20 11:16:47.690,50.20,20.10
2024-07-20 11:16:49.696,50.10,20.10
2024-07-20 11:16:51.703,50.20,20.00
2024-07-20 11:16:53.710,50.30,20.10
2024-07-20 11:16:55.716,50.10,20.10
2024-07-20 11:16:57.723,50.10,20.00
2024-07-20 11:16:59.730,50.10,20.10
2024-07-20 11:17:01.737,50.20,20.10
2024-07-20 11:17:03.744,50.20,20.10
2024-07-20 11:17:05.751,50.20,20.10
2024-07-20 11:17:07.757,50.10,20.10
2024-07-20 11:17:09.765,50.10,20.10
2024-07-20 11:17:11.772,50.00,20.10
2024-07-20 11:17:13.778,50.00,20.10
2024-07-20 11:17:15.785,50.00,20.10
2024-07-20 11:17:17.792,50.00,20.10
2024-07-20 11:17:19.799,50.10,20.10
2024-07-20 11:17:21.805,50.00,20.10
2024-07-20 11:17:23.813,50.00,20.10
2024-07-20 11:17:25.820,50.00,20.10
2024-07-20 11:17:27.826,49.80,20.10
2024-07-20 11:17:29.833,49.90,20.10
2024-07-20 11:17:31.840,49.90,20.10
2024-07-20 11:17:33.847,49.90,20.20
2024-07-20 11:17:35.854,49.90,20.20
2024-07-20 11:17:37.861,49.80,20.10
2024-07-20 11:17:39.868,49.90,20.10
2024-07-20 11:17:41.875,49.90,20.20
2024-07-20 11:17:43.882,50.00,20.10
2024-07-20 11:17:45.888,50.00,20.10
2024-07-20 11:17:47.895,50.10,20.20
2024-07-20 11:17:49.901,50.00,20.10
2024-07-20 11:17:51.908,49.90,20.20
2024-07-20 11:17:53.916,50.10,20.10
2024-07-20 11:17:55.922,49.80,20.20
2024-07-20 11:17:57.929,50.10,20.20
2024-07-20 11:17:59.936,50.00,20.20
2024-07-20 11:18:01.943,50.00,20.20
2024-07-20 11:18:03.950,49.90,20.20
2024-07-20 11:18:05.957,49.80,20.20
2024-07-20 11:18:07.964,49.80,20.20
2024-07-20 11:18:09.971,49.80,20.20
2024-07-20 11:18:11.977,49.80,20.20
2024-07-20 11:18:13.985,49.80,20.20
2024-07-20 11:18:15.992,50.00,20.20
2024-07-20 11:18:17.998,49.70,20.20
2024-07-20 11:18:20.005,50.00,20.20
2024-07-20 11:18:22.012,49.80,20.20
2024-07-20 11:18:24.019,49.90,20.20
2024-07-20 11:18:26.026,49.70,20.20
2024-07-20 11:18:28.032,49.90,20.20
2024-07-20 11:18:30.039,49.90,20.20
2024-07-20 11:18:32.046,49.80,20.20
2024-07-20 11:18:34.053,49.80,20.20
2024-07-20 11:18:36.060,49.90,20.20
2024-07-20 11:18:38.067,49.70,20.20
2024-07-20 11:18:40.074,49.80,20.30
2024-07-20 11:18:42.081,49.70,20.30
2024-07-20 11:18:44.088,49.70,20.30
2024-07-20 11:18:46.095,49.80,20.30
2024-07-20 11:18:48.102,49.70,20.20
2024-07-20 11:18:50.109,49.70,20.30
2024-07-20 11:18:52.115,49.60,20.30
2024-07-20 11:18:54.122,49.80,20.30
2024-07-20 11:18:56.130,49.60,20.30
2024-07-20 11:18:58.136,49.60,20.30
2024-07-20 11:19:00.142,49.50,20.30
2024-07-20 11:19:02.150,49.60,20.30
2024-07-20 11:19:04.157,49.60,20.30
2024-07-20 11:19:06.164,49.50,20.30
2024-07-20 11:19:08.170,49.50,20.30
2024-07-20 11:19:10.178,49.60,20.30
2024-07-20 11:19:12.184,49.40,20.30
2024-07-20 11:19:14.191,49.60,20.20
2024-07-20 11:19:16.199,49.60,20.30
2024-07-20 11:19:18.205,49.50,20.30
2024-07-20 11:19:20.212,49.60,20.30
2024-07-20 11:19:22.219,49.50,20.30
2024-07-20 11:19:24.226,49.50,20.30
2024-07-20 11:19:26.233,49.60,20.30
2024-07-20 11:19:28.239,49.50,20.30
2024-07-20 11:19:30.247,49.60,20.30
2024-07-20 11:19:32.254,49.60,20.30
2024-07-20 11:19:34.261,49.60,20.30
2024-07-20 11:19:36.267,49.60,20.30
2024-07-20 11:19:38.274,49.50,20.30
2024-07-20 11:19:40.280,49.60,20.30
2024-07-20 11:19:42.288,49.90,20.30
2024-07-20 11:19:44.294,49.40,20.40
2024-07-20 11:19:46.302,49.60,20.30
2024-07-20 11:19:48.309,49.60,20.40
2024-07-20 11:19:50.315,49.80,20.30
2024-07-20 11:19:52.322,49.50,20.40
2024-07-20 11:19:54.328,49.70,20.40
2024-07-20 11:19:56.337,49.60,20.40
2024-07-20 11:19:58.343,49.50,20.30
2024-07-20 11:20:00.349,49.60,20.30
2024-07-20 11:20:02.357,49.50,20.40
2024-07-20 11:20:04.363,49.60,20.40
2024-07-20 11:20:06.370,49.50,20.40
2024-07-20 11:20:08.377,49.40,20.40
2024-07-20 11:20:10.384,49.50,20.40
2024-07-20 11:20:12.391,49.60,20.40
2024-07-20 11:20:14.398,49.40,20.40
2024-07-20 11:20:16.404,49.50,20.40
2024-07-20 11:20:18.412,49.40,20.40
2024-07-20 11:20:20.419,49.40,20.40
2024-07-20 11:20:22.426,49.40,20.40
2024-07-20 11:20:24.433,49.40,20.40
2024-07-20 11:20:26.440,49.40,20.40
2024-07-20 11:20:28.447,49.40,20.40
2024-07-20 11:20:30.453,49.40,20.40
2024-07-20 11:20:32.461,49.50,20.40
2024-07-20 11:20:34.467,49.40,20.40
2024-07-20 11:20:36.474,49.40,20.40
2024-07-20 11:20:38.481,49.50,20.40
2024-07-20 11:20:40.489,49.40,20.40
2024-07-20 11:20:42.494,49.50,20.50
2024-07-20 11:20:44.503,49.30,20.40
2024-07-20 11:20:46.509,49.30,20.40
2024-07-20 11:20:48.516,49.40,20.40
2024-07-20 11:20:50.524,49.40,20.40
2024-07-20 11:20:52.530,49.40,20.40
2024-07-20 11:20:54.537,49.40,20.40
2024-07-20 11:20:56.544,49.40,20.50
2024-07-20 11:20:58.551,49.40,20.50
2024-07-20 11:21:00.558,49.30,20.50
2024-07-20 11:21:02.564,49.40,20.50
2024-07-20 11:21:04.572,49.40,20.50
2024-07-20 11:21:06.578,49.20,20.40
2024-07-20 11:21:08.585,49.40,20.50
2024-07-20 11:21:10.592,49.40,20.50
2024-07-20 11:21:12.599,49.40,20.50
2024-07-20 11:21:14.607,49.40,20.50
2024-07-20 11:21:16.614,49.40,20.50
2024-07-20 11:21:18.620,49.40,20.50
2024-07-20 11:21:20.627,49.40,20.50
2024-07-20 11:21:22.633,49.40,20.50
2024-07-20 11:21:24.641,49.50,20.50
2024-07-20 11:21:26.647,49.40,20.50
2024-07-20 11:21:28.654,49.30,20.50
2024-07-20 11:21:30.662,49.50,20.50
2024-07-20 11:21:32.669,49.50,20.50
2024-07-20 11:21:34.675,49.50,20.60
2024-07-20 11:21:36.683,49.40,20.50
2024-07-20 11:21:38.690,49.50,20.50
2024-07-20 11:21:40.697,49.50,20.50
2024-07-20 11:21:42.705,49.40,20.50
2024-07-20 11:21:44.710,49.40,20.50
2024-07-20 11:21:46.718,49.40,20.50
2024-07-20 11:21:48.724,49.40,20.50
2024-07-20 11:21:50.732,49.30,20.50
2024-07-20 11:21:52.739,49.30,20.50
2024-07-20 11:21:54.745,49.40,20.50
2024-07-20 11:21:56.751,49.30,20.50
2024-07-20 11:21:58.760,49.40,20.50
2024-07-20 11:22:00.766,49.30,20.60
2024-07-20 11:22:02.773,49.40,20.50
2024-07-20 11:22:04.780,49.30,20.60
2024-07-20 11:22:06.787,49.30,20.50
2024-07-20 11:22:08.794,49.40,20.50
2024-07-20 11:22:10.801,49.20,20.60
2024-07-20 11:22:12.808,49.30,20.60
2024-07-20 11:22:14.814,49.30,20.60
2024-07-20 11:22:16.821,49.30,20.60
2024-07-20 11:22:18.828,49.30,20.60
2024-07-20 11:22:20.835,49.30,20.50
2024-07-20 11:22:22.842,49.40,20.60
2024-07-20 11:22:24.849,49.30,20.60
2024-07-20 11:22:26.857,49.30,20.60
2024-07-20 11:22:28.863,49.30,20.60
2024-07-20 11:22:30.869,49.30,20.60
2024-07-20 11:22:32.877,49.30,20.60
2024-07-20 11:22:34.884,49.40,20.50
2024-07-20 11:22:36.891,49.40,20.60
2024-07-20 11:22:38.898,49.30,20.60
2024-07-20 11:22:40.905,49.30,20.60
2024-07-20 11:22:42.911,49.40,20.60
2024-07-20 11:22:44.918,49.20,20.60
2024-07-20 11:22:46.926,49.40,20.60
2024-07-20 11:22:48.933,49.40,20.60
2024-07-20 11:22:50.939,49.40,20.60
2024-07-20 11:22:52.947,49.30,20.60
2024-07-20 11:22:54.954,49.30,20.60
2024-07-20 11:22:56.960,49.30,20.60
2024-07-20 11:22:58.968,49.30,20.60
2024-07-20 11:23:00.974,49.30,20.60
2024-07-20 11:23:02.982,49.40,20.60
2024-07-20 11:23:04.989,49.20,20.60
2024-07-20 11:23:06.995,49.30,20.60
2024-07-20 11:23:09.002,49.40,20.60
2024-07-20 11:23:11.010,49.30,20.70
2024-07-20 11:23:13.017,49.20,20.70
2024-07-20 11:23:15.023,49.40,20.60
2024-07-20 11:23:17.030,49.30,20.70
2024-07-20 11:23:19.038,49.40,20.70
2024-07-20 11:23:21.044,49.30,20.70
2024-07-20 11:23:23.050,49.30,20.70
2024-07-20 11:23:25.059,49.30,20.70
2024-07-20 11:23:27.065,49.30,20.70
2024-07-20 11:23:29.073,49.40,20.70
2024-07-20 11:23:31.080,49.20,20.70
2024-07-20 11:23:33.086,49.40,20.70
2024-07-20 11:23:35.094,49.30,20.70
2024-07-20 11:23:37.101,49.30,20.70
2024-07-20 11:23:39.108,49.40,20.70
2024-07-20 11:23:41.114,49.40,20.70
2024-07-20 11:23:43.121,49.30,20.70
2024-07-20 11:23:45.128,49.20,20.70
2024-07-20 11:23:47.136,49.30,20.70
2024-07-20 11:23:49.143,49.30,20.70
2024-07-20 11:23:51.149,49.20,20.70
2024-07-20 11:23:53.157,49.30,20.70
2024-07-20 11:23:55.164,49.30,20.70
2024-07-20 11:23:57.171,49.20,20.70
2024-07-20 11:23:59.178,49.40,20.70
2024-07-20 11:24:01.185,49.30,20.80
2024-07-20 11:24:03.192,49.20,20.70
2024-07-20 11:24:05.199,49.30,20.70
2024-07-20 11:24:07.205,49.20,20.70
2024-07-20 11:24:09.212,49.20,20.80
2024-07-20 11:24:11.219,49.30,20.70
2024-07-20 11:24:13.226,49.30,20.80
2024-07-20 11:24:15.233,49.20,20.70
2024-07-20 11:24:17.240,49.40,20.70
2024-07-20 11:24:19.247,49.10,20.80
2024-07-20 11:24:21.254,49.20,20.80
2024-07-20 11:24:23.260,49.30,20.80
2024-07-20 11:24:25.268,49.30,20.80
2024-07-20 11:24:27.274,49.30,20.80
2024-07-20 11:24:29.282,49.30,20.80
2024-07-20 11:24:31.289,49.30,20.80
2024-07-20 11:24:33.295,49.30,20.70
2024-07-20 11:24:35.303,49.20,20.80
2024-07-20 11:24:37.310,49.20,20.80
2024-07-20 11:24:39.316,49.20,20.80
2024-07-20 11:24:41.323,49.20,20.80
2024-07-20 11:24:43.329,49.30,20.80
2024-07-20 11:24:45.336,49.30,20.80
2024-07-20 11:24:47.344,49.30,20.80
2024-07-20 11:24:49.350,49.30,20.80
2024-07-20 11:24:51.357,49.20,20.90
2024-07-20 11:24:53.363,49.20,20.80
2024-07-20 11:24:55.372,49.10,20.80
2024-07-20 11:24:57.377,49.20,20.80
2024-07-20 11:24:59.384,49.20,20.90
2024-07-20 11:25:01.390,49.20,20.80
2024-07-20 11:25:03.398,49.20,20.80
2024-07-20 11:25:05.405,49.10,20.80
2024-07-20 11:25:07.411,49.30,20.90
2024-07-20 11:25:09.420,49.20,20.80
2024-07-20 11:25:11.425,49.30,20.90
2024-07-20 11:25:13.433,49.30,20.90
2024-07-20 11:25:15.440,49.20,20.90
2024-07-20 11:25:17.446,49.10,20.80
2024-07-20 11:25:19.453,49.20,20.90
2024-07-20 11:25:21.460,49.30,20.80
2024-07-20 11:25:23.467,49.20,20.90
2024-07-20 11:25:25.474,49.30,20.90
2024-07-20 11:25:27.481,49.20,20.80
2024-07-20 11:25:29.487,49.20,20.90
2024-07-20 11:25:31.495,49.30,20.80
2024-07-20 11:25:33.502,49.30,20.90
2024-07-20 11:25:35.509,49.40,20.90
2024-07-20 11:25:37.516,49.30,20.90
2024-07-20 11:25:39.523,49.30,20.90
2024-07-20 11:25:41.529,49.30,20.90
2024-07-20 11:25:43.537,49.30,20.90
2024-07-20 11:25:45.543,49.20,20.90
2024-07-20 11:25:47.550,49.30,20.90
2024-07-20 11:25:49.558,49.30,20.90
2024-07-20 11:25:51.564,49.40,20.90
2024-07-20 11:25:53.572,49.20,20.90
2024-07-20 11:25:55.577,49.30,20.80
2024-07-20 11:25:57.585,49.20,20.90
2024-07-20 11:25:59.591,49.30,20.90
2024-07-20 11:26:01.599,49.40,20.80
2024-07-20 11:26:03.605,49.30,20.90
2024-07-20 11:26:05.612,49.30,20.90
2024-07-20 11:26:07.619,49.30,20.90
2024-07-20 11:26:09.626,49.30,20.90
2024-07-20 11:26:11.634,49.30,20.90
2024-07-20 11:26:13.641,49.30,20.90
2024-07-20 11:26:15.647,49.40,20.90
2024-07-20 11:26:17.654,49.30,20.90
2024-07-20 11:26:19.662,49.30,20.90
2024-07-20 11:26:21.669,49.30,20.90
2024-07-20 11:26:23.675,49.30,20.90
2024-07-20 11:26:25.682,49.30,20.90
2024-07-20 11:26:27.690,49.30,20.90
2024-07-20 11:26:29.696,49.20,20.90
2024-07-20 11:26:31.703,49.30,20.90
2024-07-20 11:26:33.710,49.30,20.90
2024-07-20 11:26:35.716,49.20,20.90
2024-07-20 11:26:37.724,49.20,20.90
2024-07-20 11:26:39.731,49.30,20.90
2024-07-20 11:26:41.738,49.40,20.90
2024-07-20 11:26:43.745,49.20,20.90
2024-07-20 11:26:45.752,49.30,20.90
2024-07-20 11:26:47.758,49.20,20.90
2024-07-20 11:26:49.765,49.20,20.90
2024-07-20 11:26:51.772,49.10,20.90
2024-07-20 11:26:53.779,49.30,20.90
2024-07-20 11:26:55.786,49.30,20.90
2024-07-20 11:26:57.793,49.30,20.90
2024-07-20 11:26:59.800,49.30,20.90
2024-07-20 11:27:01.808,49.30,20.90
2024-07-20 11:27:03.815,49.20,21.00
2024-07-20 11:27:05.821,49.40,20.90
2024-07-20 11:27:07.827,49.40,20.90
2024-07-20 11:27:09.834,49.30,21.00
2024-07-20 11:27:11.841,49.30,20.90
2024-07-20 11:27:13.848,49.30,21.00
2024-07-20 11:27:15.855,49.20,20.90
2024-07-20 11:27:17.862,49.20,20.90
2024-07-20 11:27:19.870,49.30,20.90
2024-07-20 11:27:21.876,49.30,21.00
2024-07-20 11:27:23.882,49.30,21.00
2024-07-20 11:27:25.889,49.30,20.90
2024-07-20 11:27:27.897,49.30,21.00
2024-07-20 11:27:29.903,49.30,20.90
2024-07-20 11:27:31.910,49.40,21.00
2024-07-20 11:27:33.918,49.20,21.00
2024-07-20 11:27:35.923,49.30,21.00
2024-07-20 11:27:37.931,49.40,21.00
2024-07-20 11:27:39.938,49.30,21.00
2024-07-20 11:27:41.944,49.40,21.00
2024-07-20 11:27:43.951,49.30,21.00
2024-07-20 11:27:45.958,49.20,21.00
2024-07-20 11:27:47.966,49.30,21.00
2024-07-20 11:27:49.972,49.30,21.00
2024-07-20 11:27:51.978,49.30,21.00
2024-07-20 11:27:53.985,49.30,21.00
2024-07-20 11:27:55.992,49.40,21.00
2024-07-20 11:27:57.999,49.40,21.00
2024-07-20 11:28:00.005,49.30,21.00
2024-07-20 11:28:02.012,49.20,21.00
2024-07-20 11:28:04.020,49.30,21.00
2024-07-20 11:28:06.027,49.30,21.00
2024-07-20 11:28:08.033,49.30,21.00
2024-07-20 11:28:10.039,49.30,21.00
2024-07-20 11:28:12.046,49.30,21.10
2024-07-20 11:28:14.053,49.30,21.00
2024-07-20 11:28:16.061,49.20,21.00
2024-07-20 11:28:18.068,49.20,21.10
2024-07-20 11:28:20.073,49.20,21.10
2024-07-20 11:28:22.081,49.20,21.10
2024-07-20 11:28:24.087,49.10,21.10
2024-07-20 11:28:26.094,49.20,21.10
2024-07-20 11:28:28.101,49.10,21.00
2024-07-20 11:28:30.108,49.10,21.10
2024-07-20 11:28:32.115,49.00,21.10
2024-07-20 11:28:34.123,49.20,21.00
2024-07-20 11:28:36.129,49.10,21.10
2024-07-20 11:28:38.136,49.00,21.10
2024-07-20 11:28:40.144,49.00,21.10
2024-07-20 11:28:42.151,49.00,21.10
2024-07-20 11:28:44.157,49.00,21.10
2024-07-20 11:28:46.164,49.00,21.10
2024-07-20 11:28:48.171,49.00,21.10
2024-07-20 11:28:50.178,48.90,21.10
2024-07-20 11:28:52.185,48.90,21.10
2024-07-20 11:28:54.192,48.90,21.10
2024-07-20 11:28:56.199,49.00,21.10
2024-07-20 11:28:58.206,48.90,21.10
2024-07-20 11:29:00.213,48.90,21.10
2024-07-20 11:29:02.220,48.80,21.10
2024-07-20 11:29:04.227,48.90,21.10
2024-07-20 11:29:06.233,48.80,21.10
2024-07-20 11:29:08.241,48.80,21.10
2024-07-20 11:29:10.247,48.80,21.10
2024-07-20 11:29:12.255,49.10,21.10
2024-07-20 11:29:14.262,48.90,21.10
2024-07-20 11:29:16.268,49.00,21.10
2024-07-20 11:29:18.275,49.00,21.10
2024-07-20 11:29:20.282,48.90,21.10
2024-07-20 11:29:22.289,48.90,21.10
2024-07-20 11:29:24.297,49.00,21.10
2024-07-20 11:29:26.303,48.90,21.10
2024-07-20 11:29:28.311,48.90,21.10
2024-07-20 11:29:30.317,48.80,21.20
2024-07-20 11:29:32.324,49.00,21.20
2024-07-20 11:29:34.331,48.80,21.10
2024-07-20 11:29:36.337,48.70,21.20
2024-07-20 11:29:38.345,48.90,21.20
2024-07-20 11:29:40.351,48.90,21.10
2024-07-20 11:29:42.358,48.80,21.20
2024-07-20 11:29:44.365,48.90,21.20
2024-07-20 11:29:46.372,48.80,21.20
2024-07-20 11:29:48.379,48.80,21.10
2024-07-20 11:29:50.386,48.70,21.20
2024-07-20 11:29:52.393,48.80,21.20
2024-07-20 11:29:54.399,48.90,21.20
2024-07-20 11:29:56.406,48.80,21.20
2024-07-20 11:29:58.414,48.90,21.20
2024-07-20 11:30:00.421,48.80,21.20
2024-07-20 11:30:02.427,48.90,21.20
2024-07-20 11:30:04.434,48.70,21.20
2024-07-20 11:30:06.441,48.90,21.20
2024-07-20 11:30:08.447,48.80,21.20
2024-07-20 11:30:10.454,48.80,21.20
2024-07-20 11:30:12.462,48.90,21.20
2024-07-20 11:30:14.468,48.80,21.20
2024-07-20 11:30:16.475,49.00,21.20
2024-07-20 11:30:18.482,48.80,21.20
2024-07-20 11:30:20.489,48.90,21.20
2024-07-20 11:30:22.496,49.00,21.20
2024-07-20 11:30:24.503,48.90,21.20
2024-07-20 11:30:26.511,48.90,21.20
2024-07-20 11:30:28.518,49.00,21.20
2024-07-20 11:30:30.523,48.90,21.20
2024-07-20 11:30:32.531,48.90,21.20
2024-07-20 11:30:34.537,48.90,21.20
2024-07-20 11:30:36.544,49.00,21.20
2024-07-20 11:30:38.552,48.90,21.20
2024-07-20 11:30:40.559,49.00,21.20
2024-07-20 11:30:42.565,49.00,21.20
2024-07-20 11:30:44.573,49.00,21.20
2024-07-20 11:30:46.579,49.00,21.20
2024-07-20 11:30:48.587,48.90,21.20
2024-07-20 11:30:50.593,49.00,21.20
2024-07-20 11:30:52.600,48.90,21.20
2024-07-20 11:30:54.606,49.00,21.30
2024-07-20 11:30:56.613,49.00,21.20
2024-07-20 11:30:58.621,49.00,21.20
2024-07-20 11:31:00.629,48.90,21.20
2024-07-20 11:31:02.635,49.00,21.20
2024-07-20 11:31:04.641,49.00,21.20
2024-07-20 11:31:06.649,48.90,21.20
2024-07-20 11:31:08.655,49.10,21.20
2024-07-20 11:31:10.663,48.90,21.20
2024-07-20 11:31:12.669,49.00,21.20
2024-07-20 11:31:14.676,49.10,21.20
2024-07-20 11:31:16.683,49.00,21.20
2024-07-20 11:31:18.690,48.80,21.20
2024-07-20 11:31:20.697,48.80,21.20
2024-07-20 11:31:22.703,48.90,21.20
2024-07-20 11:31:24.710,49.00,21.20
2024-07-20 11:31:26.717,49.00,21.30
2024-07-20 11:31:28.725,48.90,21.30
2024-07-20 11:31:30.731,48.90,21.20
2024-07-20 11:31:32.738,48.90,21.20
2024-07-20 11:31:34.745,48.80,21.20
2024-07-20 11:31:36.752,48.90,21.20
2024-07-20 11:31:38.759,48.90,21.30
2024-07-20 11:31:40.766,48.80,21.30
2024-07-20 11:31:42.772,48.90,21.30
2024-07-20 11:31:44.779,49.00,21.30
2024-07-20 11:31:46.786,48.90,21.30
2024-07-20 11:31:48.793,48.90,21.30
2024-07-20 11:31:50.800,48.80,21.30
2024-07-20 11:31:52.807,48.80,21.20
2024-07-20 11:31:54.814,48.90,21.20
2024-07-20 11:31:56.822,48.80,21.30
2024-07-20 11:31:58.828,48.70,21.30
2024-07-20 11:32:00.835,48.70,21.30
2024-07-20 11:32:02.841,48.80,21.30
2024-07-20 11:32:04.849,48.80,21.30
2024-07-20 11:32:06.856,48.80,21.30
2024-07-20 11:32:08.862,48.90,21.30
2024-07-20 11:32:10.869,48.80,21.30
2024-07-20 11:32:12.877,48.70,21.30
2024-07-20 11:32:14.884,48.90,21.30
2024-07-20 11:32:16.891,48.90,21.30
2024-07-20 11:32:18.898,48.80,21.30
2024-07-20 11:32:20.905,48.70,21.30
2024-07-20 11:32:22.911,48.80,21.30
2024-07-20 11:32:24.918,48.80,21.30
2024-07-20 11:32:26.925,48.80,21.30
2024-07-20 11:32:28.932,48.90,21.30
2024-07-20 11:32:30.939,48.90,21.30
2024-07-20 11:32:32.946,48.90,21.30
2024-07-20 11:32:34.953,48.90,21.30
2024-07-20 11:32:36.960,48.90,21.30
2024-07-20 11:32:38.966,48.90,21.30
2024-07-20 11:32:40.974,48.90,21.30
2024-07-20 11:32:42.981,48.90,21.30
2024-07-20 11:32:44.988,49.00,21.30
2024-07-20 11:32:46.995,48.90,21.30
2024-07-20 11:32:49.002,49.00,21.30
2024-07-20 11:32:51.008,48.90,21.30
2024-07-20 11:32:53.015,48.80,21.30
2024-07-20 11:32:55.022,48.90,21.30
2024-07-20 11:32:57.029,48.90,21.30
2024-07-20 11:32:59.036,48.80,21.30
2024-07-20 11:33:01.043,48.90,21.30
2024-07-20 11:33:03.050,48.80,21.30
2024-07-20 11:33:05.058,48.90,21.30
2024-07-20 11:33:07.064,48.80,21.30
2024-07-20 11:33:09.071,48.90,21.30
2024-07-20 11:33:11.078,48.70,21.30
2024-07-20 11:33:13.085,48.80,21.30
2024-07-20 11:33:15.091,48.90,21.30
2024-07-20 11:33:17.099,49.00,21.40
2024-07-20 11:33:19.105,48.80,21.30
2024-07-20 11:33:21.114,48.90,21.30
2024-07-20 11:33:23.120,48.90,21.30
2024-07-20 11:33:25.126,49.00,21.40
2024-07-20 11:33:27.133,49.00,21.40
2024-07-20 11:33:29.140,48.90,21.40
2024-07-20 11:33:31.147,48.90,21.30
2024-07-20 11:33:33.154,48.90,21.30
2024-07-20 11:33:35.161,49.00,21.40
2024-07-20 11:33:37.167,49.00,21.30
2024-07-20 11:33:39.174,48.90,21.40
2024-07-20 11:33:41.181,48.90,21.30
2024-07-20 11:33:43.188,48.80,21.40
2024-07-20 11:33:45.196,48.80,21.30
2024-07-20 11:33:47.202,48.80,21.30
2024-07-20 11:33:49.210,48.80,21.40
2024-07-20 11:33:51.215,48.80,21.40
2024-07-20 11:33:53.222,48.80,21.40
2024-07-20 11:33:55.230,48.80,21.40
2024-07-20 11:33:57.237,48.80,21.40
2024-07-20 11:33:59.244,48.80,21.40
2024-07-20 11:34:01.250,48.70,21.40
2024-07-20 11:34:03.257,48.90,21.40
2024-07-20 11:34:05.264,48.70,21.40
2024-07-20 11:34:07.271,48.80,21.40
2024-07-20 11:34:09.279,48.80,21.40
2024-07-20 11:34:11.286,48.70,21.30
2024-07-20 11:34:13.292,48.80,21.40
2024-07-20 11:34:15.298,48.80,21.40
2024-07-20 11:34:17.306,48.80,21.40
2024-07-20 11:34:19.313,48.70,21.40
2024-07-20 11:34:21.320,48.80,21.40
2024-07-20 11:34:23.327,48.70,21.40
2024-07-20 11:34:25.334,48.80,21.40
2024-07-20 11:34:27.342,48.70,21.50
2024-07-20 11:34:29.348,48.80,21.40
2024-07-20 11:34:31.354,48.80,21.40
2024-07-20 11:34:33.362,48.70,21.40
2024-07-20 11:34:35.370,48.60,21.50
2024-07-20 11:34:37.377,48.80,21.40
2024-07-20 11:34:39.384,48.70,21.50
2024-07-20 11:34:41.390,48.60,21.40
2024-07-20 11:34:43.397,48.80,21.40
2024-07-20 11:34:45.404,48.80,21.40
2024-07-20 11:34:47.411,48.80,21.40
2024-07-20 11:34:49.419,48.60,21.50
2024-07-20 11:34:51.425,48.80,21.50
2024-07-20 11:34:53.431,48.70,21.50
2024-07-20 11:34:55.439,48.70,21.40
2024-07-20 11:34:57.446,48.80,21.40
2024-07-20 11:34:59.453,48.80,21.50
2024-07-20 11:35:01.460,48.70,21.50
2024-07-20 11:35:03.467,48.60,21.50
2024-07-20 11:35:05.474,48.70,21.50
2024-07-20 11:35:07.481,48.60,21.50
2024-07-20 11:35:09.487,48.60,21.50
2024-07-20 11:35:11.496,48.70,21.50
2024-07-20 11:35:13.502,48.60,21.50
2024-07-20 11:35:15.509,48.60,21.50
2024-07-20 11:35:17.516,48.70,21.50
2024-07-20 11:35:19.523,48.70,21.60
2024-07-20 11:35:21.530,48.60,21.60
2024-07-20 11:35:23.536,48.60,21.50
2024-07-20 11:35:25.544,48.50,21.50
2024-07-20 11:35:27.551,48.60,21.50
2024-07-20 11:35:29.558,48.40,21.50
2024-07-20 11:35:31.565,48.50,21.50
2024-07-20 11:35:33.572,48.60,21.50
2024-07-20 11:35:35.580,48.50,21.50
2024-07-20 11:35:37.586,48.50,21.50
2024-07-20 11:35:39.593,48.60,21.50
2024-07-20 11:35:41.600,48.50,21.50
2024-07-20 11:35:43.606,48.50,21.60
2024-07-20 11:35:45.613,48.60,21.60
2024-07-20 11:35:47.620,48.60,21.60
2024-07-20 11:35:49.627,48.60,21.60
2024-07-20 11:35:51.634,48.50,21.60
2024-07-20 11:35:53.642,48.40,21.60
2024-07-20 11:35:55.648,48.50,21.50
2024-07-20 11:35:57.655,48.40,21.60
2024-07-20 11:35:59.662,48.60,21.60
2024-07-20 11:36:01.669,48.60,21.60
2024-07-20 11:36:03.676,48.60,21.60
2024-07-20 11:36:05.683,48.50,21.60
2024-07-20 11:36:07.691,48.50,21.60
2024-07-20 11:36:09.696,48.60,21.60
2024-07-20 11:36:11.704,48.60,21.60
2024-07-20 11:36:13.710,48.60,21.60
2024-07-20 11:36:15.718,48.50,21.60
2024-07-20 11:36:17.725,48.40,21.60
2024-07-20 11:36:19.732,48.50,21.60
2024-07-20 11:36:21.738,48.40,21.60
2024-07-20 11:36:23.744,48.40,21.60
2024-07-20 11:36:25.752,48.50,21.60
2024-07-20 11:36:27.759,48.40,21.60
2024-07-20 11:36:29.766,48.40,21.60
2024-07-20 11:36:31.772,48.50,21.60
2024-07-20 11:36:33.779,48.50,21.70
2024-07-20 11:36:35.786,48.50,21.70
2024-07-20 11:36:37.793,48.50,21.60
2024-07-20 11:36:39.801,48.40,21.60
2024-07-20 11:36:41.807,48.50,21.60
2024-07-20 11:36:43.814,48.50,21.60
2024-07-20 11:36:45.822,48.50,21.60
2024-07-20 11:36:47.828,48.40,21.60
2024-07-20 11:36:49.835,48.50,21.70
2024-07-20 11:36:51.841,48.50,21.70
2024-07-20 11:36:53.849,48.50,21.60
2024-07-20 11:36:55.855,48.40,21.60
2024-07-20 11:36:57.863,48.40,21.60
2024-07-20 11:36:59.869,48.50,21.60
2024-07-20 11:37:01.876,48.50,21.60
2024-07-20 11:37:03.883,48.40,21.70
2024-07-20 11:37:05.889,48.50,21.60
2024-07-20 11:37:07.897,48.40,21.60
2024-07-20 11:37:09.904,48.50,21.60
2024-07-20 11:37:11.911,48.50,21.70
2024-07-20 11:37:13.917,48.60,21.60
2024-07-20 11:37:15.924,48.40,21.60
2024-07-20 11:37:17.931,48.60,21.60
2024-07-20 11:37:19.938,48.60,21.60
2024-07-20 11:37:21.945,48.50,21.60
2024-07-20 11:37:23.951,48.50,21.70
2024-07-20 11:37:25.959,48.50,21.70
2024-07-20 11:37:27.966,48.40,21.60
2024-07-20 11:37:29.972,48.50,21.70
2024-07-20 11:37:31.980,48.50,21.70
2024-07-20 11:37:33.986,48.50,21.60
2024-07-20 11:37:35.994,48.50,21.60
2024-07-20 11:37:38.001,48.50,21.60
2024-07-20 11:37:40.008,48.50,21.60
2024-07-20 11:37:42.014,48.50,21.60
2024-07-20 11:37:44.021,48.40,21.70
2024-07-20 11:37:46.028,48.50,21.70
2024-07-20 11:37:48.036,48.50,21.70
2024-07-20 11:37:50.043,48.40,21.70
2024-07-20 11:37:52.050,48.50,21.70
2024-07-20 11:37:54.056,48.40,21.70
2024-07-20 11:37:56.063,48.50,21.70
2024-07-20 11:37:58.070,48.50,21.60
2024-07-20 11:38:00.077,48.50,21.70
2024-07-20 11:38:02.083,48.50,21.70
2024-07-20 11:38:04.091,48.40,21.70
2024-07-20 11:38:06.097,48.40,21.70
2024-07-20 11:38:08.105,48.50,21.70
2024-07-20 11:38:10.111,48.60,21.70
2024-07-20 11:38:12.119,48.50,21.70
2024-07-20 11:38:14.125,48.60,21.70
2024-07-20 11:38:16.132,48.60,21.70
2024-07-20 11:38:18.139,48.50,21.70
2024-07-20 11:38:20.146,48.50,21.70
2024-07-20 11:38:22.152,48.50,21.70
2024-07-20 11:38:24.160,48.60,21.70
2024-07-20 11:38:26.167,48.60,21.70
2024-07-20 11:38:28.174,48.50,21.80
2024-07-20 11:38:30.181,48.50,21.70
2024-07-20 11:38:32.188,48.50,21.70
2024-07-20 11:38:34.194,48.50,21.70
2024-07-20 11:38:36.201,48.40,21.70
2024-07-20 11:38:38.208,48.40,21.70
2024-07-20 11:38:40.215,48.30,21.70
2024-07-20 11:38:42.222,48.50,21.70
2024-07-20 11:38:44.230,48.40,21.70
2024-07-20 11:38:46.236,48.40,21.80
2024-07-20 11:38:48.243,48.40,21.80
2024-07-20 11:38:50.250,48.40,21.70
2024-07-20 11:38:52.257,48.30,21.80
2024-07-20 11:38:54.264,48.30,21.80
2024-07-20 11:38:56.271,48.30,21.70
2024-07-20 11:38:58.277,48.40,21.70
2024-07-20 11:39:00.285,48.30,21.70
2024-07-20 11:39:02.293,48.30,21.70
2024-07-20 11:39:04.299,48.30,21.70
2024-07-20 11:39:06.306,48.30,21.70
2024-07-20 11:39:08.313,48.50,21.80
2024-07-20 11:39:10.319,48.40,21.70
2024-07-20 11:39:12.325,48.40,21.70
2024-07-20 11:39:14.333,48.40,21.80
2024-07-20 11:39:16.340,48.50,21.80
2024-07-20 11:39:18.347,48.40,21.80
2024-07-20 11:39:20.353,48.40,21.80
2024-07-20 11:39:22.361,48.40,21.80
2024-07-20 11:39:24.367,48.60,21.80
2024-07-20 11:39:26.374,48.50,21.80
2024-07-20 11:39:28.381,48.40,21.80
2024-07-20 11:39:30.388,48.40,21.80
2024-07-20 11:39:32.395,48.40,21.70
2024-07-20 11:39:34.401,48.40,21.80
2024-07-20 11:39:36.408,48.40,21.80
2024-07-20 11:39:38.416,48.40,21.80
2024-07-20 11:39:40.423,48.40,21.80
2024-07-20 11:39:42.430,48.40,21.80
2024-07-20 11:39:44.437,48.40,21.70
2024-07-20 11:39:46.443,48.40,21.80
2024-07-20 11:39:48.450,48.30,21.70
2024-07-20 11:39:50.458,48.40,21.80
2024-07-20 11:39:52.464,48.30,21.80
2024-07-20 11:39:54.472,48.30,21.80
2024-07-20 11:39:56.478,48.40,21.80
2024-07-20 11:39:58.485,48.40,21.80
2024-07-20 11:40:00.492,48.40,21.80
2024-07-20 11:40:02.499,48.50,21.70
2024-07-20 11:40:04.506,48.40,21.80
2024-07-20 11:40:06.513,48.50,21.80
2024-07-20 11:40:08.520,48.40,21.80
2024-07-20 11:40:10.527,48.40,21.80
2024-07-20 11:40:12.534,48.40,21.80
2024-07-20 11:40:14.541,48.40,21.80
2024-07-20 11:40:16.547,48.50,21.80
2024-07-20 11:40:18.554,48.80,21.80
2024-07-20 11:40:20.561,48.30,21.80
2024-07-20 11:40:22.568,48.40,21.80
2024-07-20 11:40:24.575,48.50,21.80
2024-07-20 11:40:26.581,48.40,21.80
2024-07-20 11:40:28.589,48.40,21.80
2024-07-20 11:40:30.595,48.40,21.80
2024-07-20 11:40:32.602,48.40,21.80
2024-07-20 11:40:34.610,48.50,21.80
2024-07-20 11:40:36.617,48.40,21.80
2024-07-20 11:40:38.624,48.40,21.80
2024-07-20 11:40:40.630,48.50,21.80
2024-07-20 11:40:42.637,48.50,21.80
2024-07-20 11:40:44.644,48.50,21.80
2024-07-20 11:40:46.651,48.50,21.80
2024-07-20 11:40:48.658,48.50,21.80
2024-07-20 11:40:50.663,48.50,21.80
2024-07-20 11:40:52.671,48.60,21.80
2024-07-20 11:40:54.677,48.40,21.80
2024-07-20 11:40:56.684,48.50,21.80
2024-07-20 11:40:58.691,48.70,21.80
2024-07-20 11:41:00.699,48.50,21.80
2024-07-20 11:41:02.705,48.70,21.80
2024-07-20 11:41:04.712,48.60,21.80
2024-07-20 11:41:06.719,48.50,21.80
2024-07-20 11:41:08.725,48.60,21.80
2024-07-20 11:41:10.732,48.70,21.80
2024-07-20 11:41:12.740,48.70,21.80
2024-07-20 11:41:14.746,48.60,21.80
2024-07-20 11:41:16.752,48.50,21.80
2024-07-20 11:41:18.759,48.60,21.80
2024-07-20 11:41:20.766,48.70,21.80
2024-07-20 11:41:22.773,48.50,21.80
2024-07-20 11:41:24.780,48.50,21.80
2024-07-20 11:41:26.787,48.80,21.90
2024-07-20 11:41:28.794,48.70,21.80
2024-07-20 11:41:30.800,48.70,21.80
2024-07-20 11:41:32.808,48.70,21.80
2024-07-20 11:41:34.814,48.90,21.90
2024-07-20 11:41:36.820,48.70,21.80
2024-07-20 11:41:38.828,48.60,21.80
2024-07-20 11:41:40.835,48.70,21.90
2024-07-20 11:41:42.846,48.60,21.80
2024-07-20 11:41:44.848,48.70,21.80
2024-07-20 11:41:46.856,48.60,21.90
2024-07-20 11:41:48.863,48.60,21.90
2024-07-20 11:41:50.868,48.60,21.80
2024-07-20 11:41:52.875,48.70,21.80
2024-07-20 11:41:54.883,48.70,21.90
2024-07-20 11:41:56.889,48.60,21.80
2024-07-20 11:41:58.897,48.80,21.80
2024-07-20 11:42:00.903,48.70,21.90
2024-07-20 11:42:02.911,48.70,21.90
2024-07-20 11:42:04.917,48.60,21.90
2024-07-20 11:42:06.925,48.70,21.90
2024-07-20 11:42:08.931,48.70,21.80
2024-07-20 11:42:10.938,48.70,21.90
2024-07-20 11:42:12.945,48.70,21.90
2024-07-20 11:42:14.952,48.70,21.90
2024-07-20 11:42:16.959,48.70,21.90
2024-07-20 11:42:18.966,48.70,21.90
2024-07-20 11:42:20.972,48.60,21.90
2024-07-20 11:42:22.979,48.70,21.90
2024-07-20 11:42:24.988,48.70,21.90
2024-07-20 11:42:26.993,48.70,21.80
2024-07-20 11:42:29.000,48.70,21.90
2024-07-20 11:42:31.007,48.70,21.80
2024-07-20 11:42:33.015,48.60,21.80
2024-07-20 11:42:35.021,48.70,21.90
2024-07-20 11:42:37.027,48.60,21.90
2024-07-20 11:42:39.035,48.70,21.90
2024-07-20 11:42:41.042,48.70,21.90
2024-07-20 11:42:43.049,48.60,21.90
2024-07-20 11:42:45.055,48.70,21.90
2024-07-20 11:42:47.063,48.60,21.90
2024-07-20 11:42:49.070,48.60,21.90
2024-07-20 11:42:51.076,48.60,21.90
2024-07-20 11:42:53.084,48.60,21.90
2024-07-20 11:42:55.090,48.70,21.90
2024-07-20 11:42:57.097,48.50,21.90
2024-07-20 11:42:59.104,48.60,21.90
2024-07-20 11:43:01.111,48.60,21.90
2024-07-20 11:43:03.118,48.60,21.90
2024-07-20 11:43:05.126,48.60,21.90
2024-07-20 11:43:07.131,48.60,21.90
2024-07-20 11:43:09.138,48.60,21.90
2024-07-20 11:43:11.146,48.60,21.90
2024-07-20 11:43:13.151,48.60,21.90
2024-07-20 11:43:15.159,48.70,21.90
2024-07-20 11:43:17.166,48.70,21.90
2024-07-20 11:43:19.173,48.70,21.90
2024-07-20 11:43:21.179,48.70,21.90
2024-07-20 11:43:23.186,48.70,21.90
2024-07-20 11:43:25.194,48.70,21.90
2024-07-20 11:43:27.199,48.80,21.90
2024-07-20 11:43:29.207,48.70,21.90
2024-07-20 11:43:31.213,48.70,21.90
2024-07-20 11:43:33.220,48.60,21.90
2024-07-20 11:43:35.227,48.70,21.90
2024-07-20 11:43:37.235,48.70,21.90
2024-07-20 11:43:39.241,48.60,21.90
2024-07-20 11:43:41.248,48.80,21.90
2024-07-20 11:43:43.255,48.70,21.90
2024-07-20 11:43:45.263,48.70,21.90
2024-07-20 11:43:47.269,48.70,21.90
2024-07-20 11:43:49.276,48.70,21.90
2024-07-20 11:43:51.283,48.70,21.90
2024-07-20 11:43:53.290,48.60,21.90
2024-07-20 11:43:55.297,48.60,21.90
2024-07-20 11:43:57.303,48.70,21.90
2024-07-20 11:43:59.311,48.60,21.90
2024-07-20 11:44:01.318,48.60,21.90
2024-07-20 11:44:03.324,48.60,21.90
2024-07-20 11:44:05.331,48.70,21.90
2024-07-20 11:44:07.338,48.70,22.00
2024-07-20 11:44:09.345,48.60,21.90
2024-07-20 11:44:11.351,48.70,22.00
2024-07-20 11:44:13.359,48.60,22.00
2024-07-20 11:44:15.365,48.60,21.90
2024-07-20 11:44:17.373,48.60,22.00
2024-07-20 11:44:19.379,48.60,22.00
2024-07-20 11:44:21.386,48.80,21.90
2024-07-20 11:44:23.393,48.60,22.00
2024-07-20 11:44:25.400,48.60,22.00
2024-07-20 11:44:27.406,48.50,22.00
2024-07-20 11:44:29.414,48.60,22.00
2024-07-20 11:44:31.420,48.60,22.00
2024-07-20 11:44:33.427,48.50,22.00
2024-07-20 11:44:35.434,48.50,22.00
2024-07-20 11:44:37.441,48.50,22.00
2024-07-20 11:44:39.448,48.50,22.00
2024-07-20 11:44:41.455,48.60,22.00
2024-07-20 11:44:43.462,48.40,22.00
2024-07-20 11:44:45.468,48.30,22.00
2024-07-20 11:44:47.475,48.30,22.00
2024-07-20 11:44:49.482,48.40,22.00
2024-07-20 11:44:51.488,48.30,22.00
2024-07-20 11:44:53.495,48.30,22.00
2024-07-20 11:44:55.501,48.20,22.00
2024-07-20 11:44:57.509,48.40,22.00
2024-07-20 11:44:59.516,48.40,22.00
2024-07-20 11:45:01.523,48.40,22.00
2024-07-20 11:45:03.529,48.40,22.00
2024-07-20 11:45:05.537,48.30,22.00
2024-07-20 11:45:07.544,48.30,22.00
2024-07-20 11:45:09.550,48.30,22.00
2024-07-20 11:45:11.556,48.40,22.00
2024-07-20 11:45:13.563,48.40,22.00
2024-07-20 11:45:15.570,48.40,22.00
2024-07-20 11:45:17.578,48.40,22.00
2024-07-20 11:45:19.584,48.40,22.00
2024-07-20 11:45:21.590,48.30,22.00
2024-07-20 11:45:23.597,48.30,22.10
2024-07-20 11:45:25.604,48.30,22.00
2024-07-20 11:45:27.611,48.50,22.00
2024-07-20 11:45:29.617,48.30,22.00
2024-07-20 11:45:31.625,48.30,22.00
2024-07-20 11:45:33.631,48.40,22.10
2024-07-20 11:45:35.638,48.50,22.00
2024-07-20 11:45:37.645,48.50,22.00
2024-07-20 11:45:39.652,48.40,22.00
2024-07-20 11:45:41.658,48.50,22.10
2024-07-20 11:45:43.666,48.40,22.10
2024-07-20 11:45:45.672,48.50,22.10
2024-07-20 11:45:47.679,48.50,22.00
2024-07-20 11:45:49.687,48.40,22.10
2024-07-20 11:45:51.693,48.40,22.10
2024-07-20 11:45:53.700,48.30,22.10
2024-07-20 11:45:55.706,48.40,22.00
2024-07-20 11:45:57.713,48.40,22.10
2024-07-20 11:45:59.720,48.40,22.00
2024-07-20 11:46:01.727,48.40,22.10
2024-07-20 11:46:03.734,48.30,22.10
2024-07-20 11:46:05.740,48.40,22.10
2024-07-20 11:46:07.747,48.40,22.00
2024-07-20 11:46:09.755,48.40,22.10
2024-07-20 11:46:11.762,48.40,22.10
2024-07-20 11:46:13.768,48.30,22.10
2024-07-20 11:46:15.774,48.40,22.00
2024-07-20 11:46:17.782,48.40,22.10
2024-07-20 11:46:19.788,48.30,22.10
2024-07-20 11:46:21.795,48.40,22.00
2024-07-20 11:46:23.802,48.40,22.10
2024-07-20 11:46:25.809,48.40,22.10
2024-07-20 11:46:27.816,48.30,22.10
2024-07-20 11:46:29.822,48.20,22.10
2024-07-20 11:46:31.829,48.30,22.10
2024-07-20 11:46:33.836,48.40,22.10
2024-07-20 11:46:35.843,48.40,22.00
2024-07-20 11:46:37.849,48.20,22.10
2024-07-20 11:46:39.856,48.30,22.10
2024-07-20 11:46:41.864,48.40,22.10
2024-07-20 11:46:43.870,48.30,22.10
2024-07-20 11:46:45.876,48.40,22.10
2024-07-20 11:46:47.884,48.30,22.10
2024-07-20 11:46:49.891,48.40,22.10
2024-07-20 11:46:51.898,48.30,22.10
2024-07-20 11:46:53.904,48.40,22.10
2024-07-20 11:46:55.911,48.40,22.10
2024-07-20 11:46:57.919,48.30,22.10
2024-07-20 11:46:59.925,48.40,22.10
2024-07-20 11:47:01.931,48.40,22.10
2024-07-20 11:47:03.938,48.30,22.10
2024-07-20 11:47:05.945,48.40,22.10
2024-07-20 11:47:07.952,48.40,22.10
2024-07-20 11:47:09.960,48.40,22.10
2024-07-20 11:47:11.967,48.40,22.10
2024-07-20 11:47:13.973,48.40,22.10
2024-07-20 11:47:15.980,48.50,22.10
2024-07-20 11:47:17.987,48.40,22.10
2024-07-20 11:47:19.993,48.40,22.10
2024-07-20 11:47:22.000,48.30,22.10
2024-07-20 11:47:24.008,48.30,22.10
2024-07-20 11:47:26.015,48.40,22.10
2024-07-20 11:47:28.021,48.20,22.10
2024-07-20 11:47:30.028,48.40,22.10
2024-07-20 11:47:32.035,48.40,22.10
2024-07-20 11:47:34.042,48.30,22.10
2024-07-20 11:47:36.048,48.30,22.10
2024-07-20 11:47:38.055,48.20,22.10
2024-07-20 11:47:40.062,48.30,22.10
2024-07-20 11:47:42.069,48.30,22.10
2024-07-20 11:47:44.076,48.30,22.10
2024-07-20 11:47:46.084,48.30,22.10
2024-07-20 11:47:48.090,48.30,22.10
2024-07-20 11:47:50.096,48.30,22.10
2024-07-20 11:47:52.104,48.30,22.10
2024-07-20 11:47:54.110,48.30,22.10
2024-07-20 11:47:56.117,48.30,22.10
2024-07-20 11:47:58.125,48.30,22.10
2024-07-20 11:48:00.131,48.40,22.10
2024-07-20 11:48:02.137,48.40,22.10
2024-07-20 11:48:04.145,48.30,22.10
2024-07-20 11:48:06.151,48.40,22.10
2024-07-20 11:48:08.158,48.30,22.10
2024-07-20 11:48:10.165,48.30,22.10
2024-07-20 11:48:12.171,48.40,22.10
2024-07-20 11:48:14.178,48.20,22.10
2024-07-20 11:48:16.186,48.30,22.10
2024-07-20 11:48:18.192,48.30,22.10
2024-07-20 11:48:20.199,48.30,22.10
2024-07-20 11:48:22.206,48.30,22.10
2024-07-20 11:48:24.212,48.30,22.10
2024-07-20 11:48:26.219,48.20,22.10
2024-07-20 11:48:28.226,48.30,22.10
2024-07-20 11:48:30.233,48.30,22.10
2024-07-20 11:48:32.240,48.40,22.10
2024-07-20 11:48:34.247,48.30,22.10
2024-07-20 11:48:36.252,48.30,22.10
2024-07-20 11:48:38.260,48.20,22.20
2024-07-20 11:48:40.267,48.40,22.10
2024-07-20 11:48:42.274,48.30,22.10
2024-07-20 11:48:44.280,48.30,22.20
2024-07-20 11:48:46.288,48.30,22.10
2024-07-20 11:48:48.294,48.20,22.10
2024-07-20 11:48:50.301,48.20,22.20
2024-07-20 11:48:52.308,48.30,22.10
2024-07-20 11:48:54.315,48.20,22.20
2024-07-20 11:48:56.322,48.30,22.20
2024-07-20 11:48:58.329,48.20,22.20
2024-07-20 11:49:00.336,48.40,22.20
2024-07-20 11:49:02.342,48.20,22.10
2024-07-20 11:49:04.350,48.30,22.20
2024-07-20 11:49:06.355,48.30,22.20
2024-07-20 11:49:08.363,48.30,22.20
2024-07-20 11:49:10.370,48.20,22.10
2024-07-20 11:49:12.376,48.20,22.20
2024-07-20 11:49:14.382,48.30,22.10
2024-07-20 11:49:16.391,48.20,22.20
2024-07-20 11:49:18.397,48.20,22.20
2024-07-20 11:49:20.404,48.20,22.10
2024-07-20 11:49:22.411,48.30,22.20
2024-07-20 11:49:24.418,48.30,22.20
2024-07-20 11:49:26.424,48.20,22.20
2024-07-20 11:49:28.431,48.20,22.20
2024-07-20 11:49:30.438,48.20,22.20
2024-07-20 11:49:32.446,48.20,22.20
2024-07-20 11:49:34.452,48.20,22.20
2024-07-20 11:49:36.459,48.20,22.20
2024-07-20 11:49:38.465,48.20,22.20
2024-07-20 11:49:40.472,48.10,22.20
2024-07-20 11:49:42.478,48.10,22.20
2024-07-20 11:49:44.486,48.10,22.20
2024-07-20 11:49:46.492,48.20,22.20
2024-07-20 11:49:48.500,48.10,22.20
2024-07-20 11:49:50.506,48.10,22.20
2024-07-20 11:49:52.513,48.20,22.20
2024-07-20 11:49:54.520,48.10,22.20
2024-07-20 11:49:56.526,48.10,22.20
2024-07-20 11:49:58.533,48.10,22.20
2024-07-20 11:50:00.540,48.20,22.20
2024-07-20 11:50:02.547,48.10,22.20
2024-07-20 11:50:04.553,48.10,22.20
2024-07-20 11:50:06.561,48.20,22.20
2024-07-20 11:50:08.567,48.30,22.20
2024-07-20 11:50:10.575,48.20,22.20
2024-07-20 11:50:12.581,48.10,22.20
2024-07-20 11:50:14.588,48.20,22.20
2024-07-20 11:50:16.594,48.20,22.20
2024-07-20 11:50:18.602,48.20,22.20
2024-07-20 11:50:20.608,48.30,22.20
2024-07-20 11:50:22.615,48.20,22.20
2024-07-20 11:50:24.622,48.10,22.20
2024-07-20 11:50:26.628,48.30,22.20
2024-07-20 11:50:28.636,48.10,22.20
2024-07-20 11:50:30.643,48.20,22.20
2024-07-20 11:50:32.649,48.10,22.20
2024-07-20 11:50:34.656,48.20,22.20
2024-07-20 11:50:36.663,48.20,22.30
2024-07-20 11:50:38.669,48.10,22.20
2024-07-20 11:50:40.676,48.20,22.30
2024-07-20 11:50:42.685,48.10,22.20
2024-07-20 11:50:44.690,48.10,22.20
2024-07-20 11:50:46.697,48.20,22.20
2024-07-20 11:50:48.704,48.10,22.30
2024-07-20 11:50:50.711,48.00,22.20
2024-07-20 11:50:52.717,48.00,22.30
2024-07-20 11:50:54.724,48.10,22.20
2024-07-20 11:50:56.731,48.20,22.30
2024-07-20 11:50:58.738,48.20,22.30
2024-07-20 11:51:00.745,48.00,22.20
2024-07-20 11:51:02.752,48.10,22.30
2024-07-20 11:51:04.759,48.00,22.30
2024-07-20 11:51:06.766,48.00,22.30
2024-07-20 11:51:08.773,48.30,22.30
2024-07-20 11:51:10.780,48.00,22.30
2024-07-20 11:51:12.786,48.00,22.30
2024-07-20 11:51:14.793,48.10,22.30
2024-07-20 11:51:16.801,48.20,22.30
2024-07-20 11:51:18.807,48.10,22.30
2024-07-20 11:51:20.813,48.10,22.30
2024-07-20 11:51:22.820,48.20,22.30
2024-07-20 11:51:24.827,48.20,22.30
2024-07-20 11:51:26.833,48.10,22.30
2024-07-20 11:51:28.841,48.20,22.20
2024-07-20 11:51:30.849,48.10,22.30
2024-07-20 11:51:32.855,48.10,22.20
2024-07-20 11:51:34.861,48.10,22.20
2024-07-20 11:51:36.868,48.10,22.30
2024-07-20 11:51:38.875,48.10,22.30
2024-07-20 11:51:40.882,48.10,22.30
2024-07-20 11:51:42.889,48.00,22.30
2024-07-20 11:51:44.897,48.20,22.30
2024-07-20 11:51:46.903,48.10,22.30
2024-07-20 11:51:48.909,48.00,22.30
2024-07-20 11:51:50.917,48.20,22.30
2024-07-20 11:51:52.923,48.00,22.30
2024-07-20 11:51:54.930,48.10,22.30
2024-07-20 11:51:56.937,48.00,22.30
2024-07-20 11:51:58.944,48.00,22.30
2024-07-20 11:52:00.950,48.00,22.30
2024-07-20 11:52:02.957,47.80,22.30
2024-07-20 11:52:04.965,47.90,22.30
2024-07-20 11:52:06.972,47.80,22.30
2024-07-20 11:52:08.979,47.80,22.30
2024-07-20 11:52:10.986,47.70,22.30
2024-07-20 11:52:12.993,47.80,22.30
2024-07-20 11:52:15.000,47.70,22.30
2024-07-20 11:52:17.007,47.90,22.30
2024-07-20 11:52:19.015,47.80,22.30
2024-07-20 11:52:21.021,47.80,22.30
2024-07-20 11:52:23.029,47.70,22.30
2024-07-20 11:52:25.036,47.80,22.30
2024-07-20 11:52:27.043,47.70,22.30
2024-07-20 11:52:29.050,47.70,22.30
2024-07-20 11:52:31.057,47.80,22.30
2024-07-20 11:52:33.063,47.80,22.30
2024-07-20 11:52:35.072,47.80,22.30
2024-07-20 11:52:37.079,47.70,22.30
2024-07-20 11:52:39.085,47.90,22.30
2024-07-20 11:52:41.093,47.80,22.30
2024-07-20 11:52:43.100,47.80,22.30
2024-07-20 11:52:45.107,47.80,22.30
2024-07-20 11:52:47.114,47.80,22.40
2024-07-20 11:52:49.121,47.80,22.30
2024-07-20 11:52:51.128,47.70,22.30
2024-07-20 11:52:53.135,47.80,22.40
2024-07-20 11:52:55.142,47.90,22.30
2024-07-20 11:52:57.149,47.80,22.30
2024-07-20 11:52:59.156,47.80,22.30
2024-07-20 11:53:01.163,48.00,22.30
2024-07-20 11:53:03.170,47.90,22.30
2024-07-20 11:53:05.178,47.80,22.40
2024-07-20 11:53:07.185,47.90,22.30
2024-07-20 11:53:09.191,47.70,22.30
2024-07-20 11:53:11.199,47.80,22.30
2024-07-20 11:53:13.207,47.80,22.30
2024-07-20 11:53:15.213,48.00,22.40
2024-07-20 11:53:17.219,47.90,22.40
2024-07-20 11:53:19.226,47.70,22.40
2024-07-20 11:53:21.234,47.80,22.30
2024-07-20 11:53:23.241,47.80,22.30
2024-07-20 11:53:25.249,47.80,22.30
2024-07-20 11:53:27.254,47.80,22.30
2024-07-20 11:53:29.263,47.80,22.40
2024-07-20 11:53:31.270,47.90,22.30
2024-07-20 11:53:33.276,47.80,22.40
2024-07-20 11:53:35.284,47.80,22.30
2024-07-20 11:53:37.289,47.90,22.40
2024-07-20 11:53:39.297,47.90,22.30
2024-07-20 11:53:41.304,47.90,22.40
2024-07-20 11:53:43.311,47.80,22.30
2024-07-20 11:53:45.318,47.90,22.30
2024-07-20 11:53:47.324,48.00,22.30
2024-07-20 11:53:49.332,47.90,22.30
2024-07-20 11:53:51.338,47.90,22.40
2024-07-20 11:53:53.346,48.00,22.30
2024-07-20 11:53:55.353,47.90,22.30
2024-07-20 11:53:57.360,47.90,22.30
2024-07-20 11:53:59.366,48.10,22.40
2024-07-20 11:54:01.373,48.00,22.40
2024-07-20 11:54:03.380,48.00,22.40
2024-07-20 11:54:05.386,48.00,22.40
2024-07-20 11:54:07.393,48.00,22.30
2024-07-20 11:54:09.400,48.00,22.40
2024-07-20 11:54:11.407,48.00,22.40
2024-07-20 11:54:13.413,48.00,22.40
2024-07-20 11:54:15.420,48.00,22.30
2024-07-20 11:54:17.427,48.20,22.40
2024-07-20 11:54:19.433,48.10,22.40
2024-07-20 11:54:21.440,48.00,22.30
2024-07-20 11:54:23.447,48.10,22.40
2024-07-20 11:54:25.454,48.10,22.40
2024-07-20 11:54:27.461,48.10,22.30
2024-07-20 11:54:29.468,48.00,22.30
2024-07-20 11:54:31.474,48.00,22.40
2024-07-20 11:54:33.481,48.10,22.30
2024-07-20 11:54:35.488,48.10,22.30
2024-07-20 11:54:37.495,48.10,22.40
2024-07-20 11:54:39.502,48.10,22.30
2024-07-20 11:54:41.508,48.10,22.30
2024-07-20 11:54:43.514,48.10,22.30
2024-07-20 11:54:45.522,48.10,22.30
2024-07-20 11:54:47.529,48.20,22.40
2024-07-20 11:54:49.536,48.10,22.40
2024-07-20 11:54:51.542,48.10,22.40
2024-07-20 11:54:53.549,48.10,22.40
2024-07-20 11:54:55.555,48.10,22.30
2024-07-20 11:54:57.562,48.00,22.30
2024-07-20 11:54:59.570,48.00,22.30
2024-07-20 11:55:01.576,48.10,22.30
2024-07-20 11:55:03.582,48.00,22.40
2024-07-20 11:55:05.590,47.90,22.40
2024-07-20 11:55:07.596,48.20,22.40
2024-07-20 11:55:09.602,48.00,22.40
2024-07-20 11:55:11.609,48.20,22.30
2024-07-20 11:55:13.616,48.00,22.40
2024-07-20 11:55:15.623,48.10,22.40
2024-07-20 11:55:17.630,48.20,22.30
2024-07-20 11:55:19.636,48.10,22.30
2024-07-20 11:55:21.645,48.00,22.30
2024-07-20 11:55:23.650,48.10,22.40
2024-07-20 11:55:25.657,48.10,22.40
2024-07-20 11:55:27.664,48.20,22.40
2024-07-20 11:55:29.671,48.10,22.30
2024-07-20 11:55:31.677,48.20,22.40
2024-07-20 11:55:33.684,48.20,22.30
2024-07-20 11:55:35.691,48.30,22.30
2024-07-20 11:55:37.697,48.10,22.40
2024-07-20 11:55:39.704,48.20,22.40
2024-07-20 11:55:41.712,48.20,22.30
2024-07-20 11:55:43.718,48.00,22.40
2024-07-20 11:55:45.724,48.10,22.40
2024-07-20 11:55:47.731,48.10,22.40
2024-07-20 11:55:49.738,48.10,22.40
2024-07-20 11:55:51.745,48.20,22.40
2024-07-20 11:55:53.752,48.10,22.40
2024-07-20 11:55:55.758,48.10,22.40
2024-07-20 11:55:57.765,48.20,22.30
2024-07-20 11:55:59.772,48.00,22.40
2024-07-20 11:56:01.778,48.10,22.40
2024-07-20 11:56:03.785,48.20,22.30
2024-07-20 11:56:05.791,48.00,22.40
2024-07-20 11:56:07.798,48.30,22.40
2024-07-20 11:56:09.805,48.10,22.40
2024-07-20 11:56:11.823,48.10,22.40
2024-07-20 11:56:13.819,48.30,22.40
2024-07-20 11:56:15.825,48.20,22.30
2024-07-20 11:56:17.832,48.20,22.40
2024-07-20 11:56:19.839,48.30,22.40
2024-07-20 11:56:21.845,48.30,22.40
2024-07-20 11:56:23.852,48.20,22.40
2024-07-20 11:56:25.858,48.10,22.40
2024-07-20 11:56:27.865,48.30,22.40
2024-07-20 11:56:29.872,48.10,22.40
2024-07-20 11:56:31.878,48.20,22.40
2024-07-20 11:56:33.885,48.30,22.40
2024-07-20 11:56:35.893,48.00,22.40
2024-07-20 11:56:37.899,48.00,22.40
2024-07-20 11:56:39.905,48.00,22.40
2024-07-20 11:56:41.912,48.00,22.40
2024-07-20 11:56:43.918,48.00,22.40
2024-07-20 11:56:45.925,48.00,22.40
2024-07-20 11:56:47.932,48.10,22.40
2024-07-20 11:56:49.938,48.00,22.40
2024-07-20 11:56:51.946,48.00,22.40
2024-07-20 11:56:53.953,48.00,22.40
2024-07-20 11:56:55.959,48.00,22.40
2024-07-20 11:56:57.965,48.00,22.40
2024-07-20 11:56:59.972,48.00,22.40
2024-07-20 11:57:01.978,47.90,22.40
2024-07-20 11:57:03.985,48.00,22.40
2024-07-20 11:57:05.993,47.80,22.40
2024-07-20 11:57:07.998,48.00,22.40
2024-07-20 11:57:10.005,47.80,22.40
2024-07-20 11:57:12.011,48.10,22.40
2024-07-20 11:57:14.019,48.00,22.50
2024-07-20 11:57:16.025,47.90,22.40
2024-07-20 11:57:18.032,47.90,22.40
2024-07-20 11:57:20.039,47.90,22.40
2024-07-20 11:57:22.045,47.80,22.40
2024-07-20 11:57:24.053,47.80,22.40
2024-07-20 11:57:26.060,47.80,22.40
2024-07-20 11:57:28.067,47.80,22.40
2024-07-20 11:57:30.074,47.90,22.40
2024-07-20 11:57:32.081,47.80,22.40
2024-07-20 11:57:34.088,47.80,22.50
2024-07-20 11:57:36.095,47.80,22.50
2024-07-20 11:57:38.101,47.90,22.40
2024-07-20 11:57:40.108,47.80,22.40
2024-07-20 11:57:42.115,47.90,22.40
2024-07-20 11:57:44.121,47.80,22.40
2024-07-20 11:57:46.129,47.80,22.50
2024-07-20 11:57:48.135,47.80,22.50
2024-07-20 11:57:50.143,47.80,22.40
2024-07-20 11:57:52.149,48.00,22.50
2024-07-20 11:57:54.156,47.80,22.40
2024-07-20 11:57:56.163,47.80,22.40
2024-07-20 11:57:58.170,47.80,22.40
2024-07-20 11:58:00.177,47.70,22.40
2024-07-20 11:58:02.184,47.90,22.50
2024-07-20 11:58:04.191,47.90,22.50
2024-07-20 11:58:06.198,47.70,22.50
2024-07-20 11:58:08.205,47.80,22.40
2024-07-20 11:58:10.211,47.80,22.40
2024-07-20 11:58:12.218,47.80,22.40
2024-07-20 11:58:14.226,47.80,22.40
2024-07-20 11:58:16.232,47.80,22.50
2024-07-20 11:58:18.239,47.80,22.40
2024-07-20 11:58:20.245,47.80,22.50
2024-07-20 11:58:22.253,47.80,22.40
2024-07-20 11:58:24.260,47.80,22.40
2024-07-20 11:58:26.266,47.80,22.50
2024-07-20 11:58:28.273,47.90,22.40
2024-07-20 11:58:30.281,47.90,22.50
2024-07-20 11:58:32.287,47.80,22.50
2024-07-20 11:58:34.295,47.60,22.50
2024-07-20 11:58:36.301,47.80,22.50
2024-07-20 11:58:38.308,47.70,22.40
2024-07-20 11:58:40.315,47.80,22.40
2024-07-20 11:58:42.321,47.70,22.40
2024-07-20 11:58:44.328,47.70,22.50
2024-07-20 11:58:46.335,47.80,22.50
2024-07-20 11:58:48.342,47.90,22.50
2024-07-20 11:58:50.350,47.80,22.50
2024-07-20 11:58:52.356,47.90,22.50
2024-07-20 11:58:54.363,47.70,22.50
2024-07-20 11:58:56.369,47.80,22.50
2024-07-20 11:58:58.376,47.70,22.50
2024-07-20 11:59:00.383,47.80,22.50
2024-07-20 11:59:02.391,47.70,22.50
2024-07-20 11:59:04.397,47.80,22.50
2024-07-20 11:59:06.404,47.90,22.50
2024-07-20 11:59:08.411,47.80,22.50
2024-07-20 11:59:10.417,47.80,22.50
2024-07-20 11:59:12.425,47.90,22.50
2024-07-20 11:59:14.432,48.00,22.50
2024-07-20 11:59:16.439,47.80,22.50
2024-07-20 11:59:18.445,47.70,22.50
2024-07-20 11:59:20.452,47.90,22.40
2024-07-20 11:59:22.458,47.80,22.50
2024-07-20 11:59:24.465,47.80,22.50
2024-07-20 11:59:26.472,47.90,22.50
2024-07-20 11:59:28.479,47.80,22.50
2024-07-20 11:59:30.485,47.80,22.50
2024-07-20 11:59:32.493,47.80,22.50
2024-07-20 11:59:34.499,47.80,22.50
2024-07-20 11:59:36.507,47.90,22.50
2024-07-20 11:59:38.513,47.90,22.50
2024-07-20 11:59:40.520,47.80,22.50
2024-07-20 11:59:42.526,47.80,22.50
2024-07-20 11:59:44.534,47.70,22.50
2024-07-20 11:59:46.540,47.90,22.50
2024-07-20 11:59:48.548,47.80,22.50
2024-07-20 11:59:50.553,47.70,22.50
2024-07-20 11:59:52.562,47.90,22.50
2024-07-20 11:59:54.568,47.90,22.50
2024-07-20 11:59:56.574,48.00,22.50
2024-07-20 11:59:58.581,47.90,22.50
2024-07-20 12:00:00.588,47.90,22.50
2024-07-20 12:00:02.595,47.80,22.50
2024-07-20 12:00:04.602,47.80,22.50
2024-07-20 12:00:06.608,47.90,22.50
2024-07-20 12:00:08.615,47.90,22.50
2024-07-20 12:00:10.622,47.80,22.40
2024-07-20 12:00:12.628,47.90,22.50
2024-07-20 12:00:14.636,47.80,22.50
2024-07-20 12:00:16.642,47.80,22.50
2024-07-20 12:00:18.649,47.80,22.50
2024-07-20 12:00:20.656,48.00,22.50
2024-07-20 12:00:22.663,47.90,22.50
2024-07-20 12:00:24.670,47.70,22.50
2024-07-20 12:00:26.676,47.80,22.50
2024-07-20 12:00:28.684,47.80,22.50
2024-07-20 12:00:30.691,47.80,22.50
2024-07-20 12:00:32.697,47.80,22.50
2024-07-20 12:00:34.703,47.70,22.50
2024-07-20 12:00:36.712,47.90,22.50
2024-07-20 12:00:38.717,47.80,22.50
2024-07-20 12:00:40.724,47.80,22.50
2024-07-20 12:00:42.731,47.70,22.50
2024-07-20 12:00:44.738,47.70,22.50
2024-07-20 12:00:46.744,47.80,22.50
2024-07-20 12:00:48.753,47.70,22.50
2024-07-20 12:00:50.758,47.80,22.50
2024-07-20 12:00:52.765,47.80,22.50
2024-07-20 12:00:54.773,47.80,22.50
2024-07-20 12:00:56.779,47.70,22.50
2024-07-20 12:00:58.786,47.80,22.50
2024-07-20 12:01:00.793,47.90,22.50
2024-07-20 12:01:02.799,47.80,22.50
2024-07-20 12:01:04.806,47.80,22.50
2024-07-20 12:01:06.813,47.80,22.50
2024-07-20 12:01:08.821,47.80,22.50
2024-07-20 12:01:10.827,47.80,22.50
2024-07-20 12:01:12.833,47.80,22.50
2024-07-20 12:01:14.840,47.70,22.50
2024-07-20 12:01:16.846,47.70,22.50
2024-07-20 12:01:18.855,47.80,22.50
2024-07-20 12:01:20.861,47.70,22.50
2024-07-20 12:01:22.868,47.60,22.50
2024-07-20 12:01:24.875,47.70,22.50
2024-07-20 12:01:26.881,47.70,22.50
2024-07-20 12:01:28.889,47.60,22.50
2024-07-20 12:01:30.896,47.70,22.50
2024-07-20 12:01:32.904,47.70,22.50
2024-07-20 12:01:34.909,47.70,22.60
2024-07-20 12:01:36.917,47.70,22.50
2024-07-20 12:01:38.923,47.80,22.50
2024-07-20 12:01:40.930,47.70,22.60
2024-07-20 12:01:42.936,47.70,22.60
2024-07-20 12:01:44.944,47.70,22.60
2024-07-20 12:01:46.950,47.80,22.50
2024-07-20 12:01:48.956,47.70,22.60
2024-07-20 12:01:50.964,47.70,22.50
2024-07-20 12:01:52.971,47.60,22.60
2024-07-20 12:01:54.978,47.80,22.60
2024-07-20 12:01:56.985,47.70,22.60
2024-07-20 12:01:58.992,47.90,22.60
2024-07-20 12:02:00.998,47.60,22.50
2024-07-20 12:02:03.006,47.70,22.60
2024-07-20 12:02:05.012,47.90,22.60
2024-07-20 12:02:07.019,47.70,22.60
2024-07-20 12:02:09.026,47.70,22.50
2024-07-20 12:02:11.033,47.70,22.60
2024-07-20 12:02:13.040,47.60,22.50
2024-07-20 12:02:15.047,47.80,22.60
2024-07-20 12:02:17.053,47.80,22.60
2024-07-20 12:02:19.061,47.70,22.60
2024-07-20 12:02:21.067,47.80,22.50
2024-07-20 12:02:23.073,47.80,22.60
2024-07-20 12:02:25.080,47.80,22.60
2024-07-20 12:02:27.086,47.80,22.60
2024-07-20 12:02:29.093,47.80,22.50
2024-07-20 12:02:31.101,47.70,22.60
2024-07-20 12:02:33.107,47.70,22.60
2024-07-20 12:02:35.114,47.60,22.50
2024-07-20 12:02:37.120,47.70,22.60
2024-07-20 12:02:39.127,47.70,22.60
2024-07-20 12:02:41.134,47.60,22.60
2024-07-20 12:02:43.141,47.60,22.60
2024-07-20 12:02:45.149,47.60,22.60
2024-07-20 12:02:47.155,47.60,22.60
2024-07-20 12:02:49.163,47.50,22.60
2024-07-20 12:02:51.169,47.60,22.60
2024-07-20 12:02:53.177,47.40,22.60
2024-07-20 12:02:55.183,47.60,22.60
2024-07-20 12:02:57.190,47.50,22.60
2024-07-20 12:02:59.197,47.60,22.60
2024-07-20 12:03:01.204,47.70,22.60
2024-07-20 12:03:03.211,47.50,22.60
2024-07-20 12:03:05.219,47.60,22.60
2024-07-20 12:03:07.224,47.50,22.60
2024-07-20 12:03:09.231,47.50,22.60
2024-07-20 12:03:11.239,47.50,22.60
2024-07-20 12:03:13.245,47.60,22.60
2024-07-20 12:03:15.252,47.50,22.50
2024-07-20 12:03:17.260,47.50,22.60
2024-07-20 12:03:19.265,47.50,22.60
2024-07-20 12:03:21.273,47.60,22.60
2024-07-20 12:03:23.280,47.50,22.60
2024-07-20 12:03:25.287,47.40,22.60
2024-07-20 12:03:27.294,47.30,22.60
2024-07-20 12:03:29.301,47.50,22.60
2024-07-20 12:03:31.309,47.50,22.60
2024-07-20 12:03:33.314,47.40,22.60
2024-07-20 12:03:35.322,47.40,22.60
2024-07-20 12:03:37.329,47.50,22.60
2024-07-20 12:03:39.335,47.50,22.60
2024-07-20 12:03:41.343,47.50,22.60
2024-07-20 12:03:43.350,47.40,22.60
2024-07-20 12:03:45.356,47.50,22.60
2024-07-20 12:03:47.363,47.50,22.60
2024-07-20 12:03:49.370,47.50,22.60
2024-07-20 12:03:51.377,47.30,22.60
2024-07-20 12:03:53.384,47.30,22.60
2024-07-20 12:03:55.390,47.30,22.60
2024-07-20 12:03:57.397,47.40,22.60
2024-07-20 12:03:59.405,47.30,22.60
2024-07-20 12:04:01.412,47.40,22.60
2024-07-20 12:04:03.419,47.20,22.60
2024-07-20 12:04:05.425,47.30,22.60
2024-07-20 12:04:07.432,47.30,22.60
2024-07-20 12:04:09.440,47.40,22.60
2024-07-20 12:04:11.446,47.30,22.60
2024-07-20 12:04:13.452,47.50,22.60
2024-07-20 12:04:15.460,47.50,22.60
2024-07-20 12:04:17.467,47.60,22.60
2024-07-20 12:04:19.474,47.50,22.60
2024-07-20 12:04:21.481,47.30,22.60
2024-07-20 12:04:23.487,47.50,22.60
2024-07-20 12:04:25.494,47.40,22.60
2024-07-20 12:04:27.501,47.50,22.60
2024-07-20 12:04:29.508,47.60,22.60
2024-07-20 12:04:31.515,47.60,22.60
2024-07-20 12:04:33.521,47.60,22.60
2024-07-20 12:04:35.529,47.60,22.60
2024-07-20 12:04:37.536,47.60,22.60
2024-07-20 12:04:39.543,47.50,22.60
2024-07-20 12:04:41.549,47.40,22.60
2024-07-20 12:04:43.556,47.50,22.60
2024-07-20 12:04:45.563,47.70,22.60
2024-07-20 12:04:47.570,47.60,22.60
2024-07-20 12:04:49.577,47.60,22.60
2024-07-20 12:04:51.584,47.60,22.60
2024-07-20 12:04:53.591,47.70,22.60
2024-07-20 12:04:55.597,47.70,22.60
2024-07-20 12:04:57.604,47.60,22.60
2024-07-20 12:04:59.612,47.50,22.60
2024-07-20 12:05:01.618,47.70,22.60
2024-07-20 12:05:03.626,47.70,22.60
2024-07-20 12:05:05.632,47.60,22.60
2024-07-20 12:05:07.639,47.50,22.60
2024-07-20 12:05:09.646,47.60,22.60
2024-07-20 12:05:11.654,47.60,22.60
2024-07-20 12:05:13.660,47.70,22.60
2024-07-20 12:05:15.667,47.60,22.60
2024-07-20 12:05:17.673,47.80,22.70
2024-07-20 12:05:19.680,47.70,22.60
2024-07-20 12:05:21.688,47.70,22.60
2024-07-20 12:05:23.694,47.60,22.60
2024-07-20 12:05:25.702,47.60,22.60
2024-07-20 12:05:27.708,47.70,22.60
2024-07-20 12:05:29.715,47.60,22.60
2024-07-20 12:05:31.722,47.70,22.60
2024-07-20 12:05:33.729,47.70,22.60
2024-07-20 12:05:35.736,47.60,22.70
2024-07-20 12:05:37.742,47.80,22.70
2024-07-20 12:05:39.749,47.70,22.70
2024-07-20 12:05:41.756,47.70,22.60
2024-07-20 12:05:43.763,47.80,22.70
2024-07-20 12:05:45.770,47.80,22.60
2024-07-20 12:05:47.776,47.70,22.70
2024-07-20 12:05:49.783,47.70,22.60
2024-07-20 12:05:51.790,47.70,22.70
2024-07-20 12:05:53.796,47.80,22.60
2024-07-20 12:05:55.804,47.90,22.60
2024-07-20 12:05:57.811,47.60,22.70
2024-07-20 12:05:59.817,47.70,22.70
2024-07-20 12:06:01.824,47.80,22.70
2024-07-20 12:06:03.831,47.70,22.70
2024-07-20 12:06:05.838,47.60,22.70
2024-07-20 12:06:07.845,47.70,22.70
2024-07-20 12:06:09.852,47.70,22.70
2024-07-20 12:06:11.859,47.70,22.70
2024-07-20 12:06:13.865,47.70,22.70
2024-07-20 12:06:15.873,47.80,22.70
2024-07-20 12:06:17.880,47.70,22.60
2024-07-20 12:06:19.886,47.80,22.70
2024-07-20 12:06:21.893,47.70,22.70
2024-07-20 12:06:23.900,47.70,22.70
2024-07-20 12:06:25.906,47.80,22.60
2024-07-20 12:06:27.913,47.70,22.70
2024-07-20 12:06:29.919,47.80,22.70
2024-07-20 12:06:31.927,47.80,22.70
2024-07-20 12:06:33.934,47.70,22.70
2024-07-20 12:06:35.941,47.70,22.70
2024-07-20 12:06:37.947,47.60,22.70
2024-07-20 12:06:39.955,47.80,22.60
2024-07-20 12:06:41.962,47.70,22.70
2024-07-20 12:06:43.968,47.80,22.70
2024-07-20 12:06:45.975,47.60,22.70
2024-07-20 12:06:47.982,47.70,22.70
2024-07-20 12:06:49.989,47.70,22.70
2024-07-20 12:06:51.996,47.70,22.60
2024-07-20 12:06:54.002,47.80,22.60
2024-07-20 12:06:56.010,47.60,22.70
2024-07-20 12:06:58.015,47.70,22.60
2024-07-20 12:07:00.023,47.70,22.70
2024-07-20 12:07:02.029,47.70,22.60
2024-07-20 12:07:04.036,47.70,22.70
2024-07-20 12:07:06.043,47.80,22.70
2024-07-20 12:07:08.051,47.70,22.70
2024-07-20 12:07:10.057,47.80,22.70
2024-07-20 12:07:12.064,47.80,22.60
2024-07-20 12:07:14.070,47.70,22.60
2024-07-20 12:07:16.078,47.80,22.60
2024-07-20 12:07:18.084,47.60,22.70
2024-07-20 12:07:20.091,47.70,22.70
2024-07-20 12:07:22.098,47.80,22.70
2024-07-20 12:07:24.105,47.80,22.70
2024-07-20 12:07:26.112,47.80,22.70
2024-07-20 12:07:28.119,47.80,22.60
2024-07-20 12:07:30.125,47.80,22.70
2024-07-20 12:07:32.132,47.80,22.70
2024-07-20 12:07:34.140,47.80,22.70
2024-07-20 12:07:36.146,47.90,22.70
2024-07-20 12:07:38.153,47.90,22.70
2024-07-20 12:07:40.160,47.90,22.60
2024-07-20 12:07:42.167,47.80,22.70
2024-07-20 12:07:44.174,47.90,22.70
2024-07-20 12:07:46.180,47.80,22.70
2024-07-20 12:07:48.187,48.00,22.70
2024-07-20 12:07:50.194,47.80,22.70
2024-07-20 12:07:52.202,47.90,22.70
2024-07-20 12:07:54.208,47.80,22.60
2024-07-20 12:07:56.215,47.90,22.70
2024-07-20 12:07:58.223,47.90,22.70
2024-07-20 12:08:00.228,48.00,22.70
2024-07-20 12:08:02.236,47.90,22.70
2024-07-20 12:08:04.243,47.80,22.60
2024-07-20 12:08:06.249,47.90,22.60
2024-07-20 12:08:08.256,47.90,22.70
2024-07-20 12:08:10.263,47.80,22.70
2024-07-20 12:08:12.270,47.90,22.60
2024-07-20 12:08:14.276,47.90,22.70
2024-07-20 12:08:16.285,47.90,22.70
2024-07-20 12:08:18.291,47.90,22.70
2024-07-20 12:08:20.297,47.80,22.70
2024-07-20 12:08:22.305,47.80,22.70
2024-07-20 12:08:24.311,47.90,22.70
2024-07-20 12:08:26.318,48.00,22.70
2024-07-20 12:08:28.326,47.90,22.70
2024-07-20 12:08:30.332,48.00,22.70
2024-07-20 12:08:32.338,47.90,22.70
2024-07-20 12:08:34.345,48.00,22.70
2024-07-20 12:08:36.352,48.00,22.70
2024-07-20 12:08:38.359,47.90,22.70
2024-07-20 12:08:40.366,47.90,22.70
2024-07-20 12:08:42.374,47.90,22.70
2024-07-20 12:08:44.380,47.90,22.70
2024-07-20 12:08:46.387,48.00,22.70
2024-07-20 12:08:48.394,48.00,22.70
2024-07-20 12:08:50.401,47.80,22.70
2024-07-20 12:08:52.407,47.80,22.70
2024-07-20 12:08:54.414,47.90,22.70
2024-07-20 12:08:56.421,47.80,22.70
2024-07-20 12:08:58.428,47.80,22.70
2024-07-20 12:09:00.436,47.80,22.70
2024-07-20 12:09:02.443,47.80,22.70
2024-07-20 12:09:04.449,47.70,22.70
2024-07-20 12:09:06.455,47.70,22.70
2024-07-20 12:09:08.462,47.60,22.70
2024-07-20 12:09:10.469,47.70,22.70
2024-07-20 12:09:12.476,47.70,22.70
2024-07-20 12:09:14.483,47.60,22.70
2024-07-20 12:09:16.490,47.60,22.70
2024-07-20 12:09:18.497,47.60,22.70
2024-07-20 12:09:20.504,47.50,22.70
2024-07-20 12:09:22.510,47.60,22.70
2024-07-20 12:09:24.517,47.60,22.70
2024-07-20 12:09:26.524,47.70,22.70
2024-07-20 12:09:28.530,47.60,22.70
2024-07-20 12:09:30.537,47.80,22.70
2024-07-20 12:09:32.544,47.60,22.70
2024-07-20 12:09:34.551,47.70,22.70
2024-07-20 12:09:36.558,47.70,22.70
2024-07-20 12:09:38.565,47.60,22.70
2024-07-20 12:09:40.572,47.60,22.80
2024-07-20 12:09:42.578,47.60,22.70
2024-07-20 12:09:44.585,47.60,22.70
2024-07-20 12:09:46.592,47.60,22.80
2024-07-20 12:09:48.599,47.60,22.70
2024-07-20 12:09:50.606,47.70,22.80
2024-07-20 12:09:52.612,47.70,22.70
2024-07-20 12:09:54.619,47.60,22.70
2024-07-20 12:09:56.626,47.70,22.70
2024-07-20 12:09:58.633,47.60,22.70
2024-07-20 12:10:00.640,47.60,22.70
2024-07-20 12:10:02.647,47.70,22.80
2024-07-20 12:10:04.653,47.60,22.80
2024-07-20 12:10:06.659,47.60,22.70
2024-07-20 12:10:08.667,47.50,22.80
2024-07-20 12:10:10.674,47.50,22.70
2024-07-20 12:10:12.680,47.70,22.80
2024-07-20 12:10:14.687,47.70,22.80
2024-07-20 12:10:16.694,47.80,22.80
2024-07-20 12:10:18.701,47.90,22.80
2024-07-20 12:10:20.708,47.90,22.70
2024-07-20 12:10:22.715,47.70,22.80
2024-07-20 12:10:24.721,47.80,22.80
2024-07-20 12:10:26.728,47.70,22.80
2024-07-20 12:10:28.736,47.60,22.80
2024-07-20 12:10:30.742,47.70,22.70
2024-07-20 12:10:32.748,47.50,22.80
2024-07-20 12:10:34.756,47.70,22.80
2024-07-20 12:10:36.762,47.50,22.80
2024-07-20 12:10:38.769,47.50,22.80
